2736 4042
1029 98 1393 206 Quaestio
1444 97 1484 183 I
1512 98 1619 185 11.

349 224 452 276 quain
465 226 607 264 alterum
622 240 740 265 eorum
752 227 884 264 tanturn
901 253 910 267 ,
921 226 989 263 hoc
999 229 1089 264 idem
1103 227 1253 264 facerent

349 280 387 313 in
411 277 497 314 illud
527 278 654 328 pallum
686 292 959 329 approximatam
982 292 1030 315 eis
1056 285 1092 315 in
1112 279 1251 316 diuersis

354 326 455 365 locis.

197 394 211 420 ι
222 393 260 427 9,
351 423 354 426 ι
399 382 458 416 l’er
471 381 537 416 hoc
546 381 587 416 :td
598 380 682 417 illud
694 382 1052 430 inconueniens‚quod
1065 379 1250 418 tunc'idem

127 439 180 469 ,a
188 438 328 477 scema.-
346 442 471 478 cotpus
485 430 581 467 timul
594 430 671 467 eil'et
687 430 800 467 sanum
816 438 850 467 ὃ(
861 431 1046 480 2gtutn,lic
1056 434 1199 468 existens
1213 437 1249 468 in

349 480 490 517 diuersis
507 481 612 522 locis.
632 480 839 531 Respondeo
852 485 946 531 quod
961 482 982 517 ii
995 482 1073 519 ess'et
1089 496 1182 519 tanta
1194 486 1249 521 in-

348 537 529 580 temperies
540 536 624 569 ae'ris
637 547 672 568 in
689 547 758 569 vno
771 533 865 573 loco,
875 535 968 582 quod
979 535 1153 571 excederet
1165 546 1249 570 tem-

347 594 476 631 periem
488 586 523 618 in
535 584 605 620 alio
626 584 707 620 loco
720 608 730 625 ,
742 597 864 634 corpus
880 586 1023 620 existens
1045 588 1081 620 in
1100 597 1248 634 vtroque

347 631 611 670 effetinfitmum
627 660 638 676 ‚
652 639 732 684 quia
743 639 960 685 intemperies
977 640 1075 672 vuius
1089 636 1159 672 loci
1172 641 1247 672 vin-

346 696 428 720 cens
448 688 648 734 temperiem
661 687 799 723 alterius
821 688 890 723 loci
906 712 916 727 ‚
929 686 1124 736 simpliciter
1137 685 1247 724 causa·

345 747 398 772 ret
426 735 660 773 infirmitatem
683 741 720 773 in
754 751 899 786 corpore
919 741 1082 774 existente
1103 742 1140 774 in
1165 738 1245 775 loco

345 797 508 836 vtroque,
520 786 599 823 ficut
613 786 738 825 faceret
753 787 773 824 fi
789 790 922 825 tantum
933 787 1010 825 esset
1019 793 1055 825 in
1068 800 1138 824 vno
1151 789 1245 831 loco,

343 839 381 873 &
395 840 443 873 ita
464 836 543 875 effet
563 838 736 875 infirmum
751 852 787 876 in
807 840 888 876 loco
910 840 968 877 vbi
980 841 1024 876 est
1051 845 1245 890 temperies,

343 885 427 924 ficut
447 892 484 924 in
496 889 577 926 loco
590 889 647 926 vbi
656 891 703 926 est
724 894 942 940 intemperies
956 907 967 935 ς
982 893 1064 940 quia
1075 890 1198 927 sanitas
1209 895 1245 929 δε

340 941 511 987 aegritudo
525 938 601 977 sunt
615 941 735 977 formae
745 941 920 979 absolutae.
934 944 1068 978 Priores
1080 945 1117 977 in
1130 941 1241 979 subie-

341 991 400 1026 ἂο
410 991 513 1039 quam
534 996 732 1042 quicunque
753 993 921 1043 respedkus
932 993 1136 1029 extrinsecus
1146 996 1244 1030 adue-

339 1043 439 1077 niens
452 1066 464 1083 ,
476 1047 509 1080 δι
522 1045 571 1078 ira
582 1045 748 1093 quiequid
767 1044 893 1079 faceret
908 1042 1072 1080 visionem
1093 1057 1128 1080 in
1139 1044 1244 1081 oculo

341 1091 471 1129 Christi
486 1094 659 1130 existentis
674 1099 710 1129 in
721 1094 954 1136 coeio,facetet
966 1096 1060 1132 illam
1072 1098 1107 1131 in
1121 1108 1243 1144 poten·

338 1144 387 1178 tia
401 1142 505 1180 vistua
513 1150 586 1179 eius
599 1143 659 1181 sub
669 1146 890 1182 Sacramento
901 1171 912 1187 ‚
925 1145 1005 1182 licet
1018 1158 1090 1182 uon
1101 1144 1179 1184 ess'et
1193 1146 1242 1183 ibi

337 1195 464 1241 primo,
476 1192 532 1230 sed
543 1196 677 1232 tantum
687 1202 1015 1238 conconiitanter,vt
1025 1196 1171 1234 inferius
1184 1199 1239 1234 di-

339 1254 452 1280 cetur.

172 1308 200 1335 ‚2
207 1308 245 1335 ο.
388 1294 444 1331 Ad
455 1297 594 1333 tertium
604 1299 854 1336 inconuenieus
870 1325 881 1340 ,
895 1297 971 1335 ciim
986 1297 1134 1336 infertur
1146 1298 1241 1348 quod

117 1353 167 1384 Ad
197 1353 310 1382 tertium
338 1342 362 1380 fi
375 1343 452 1382 esset
465 1350 501 1383 in
514 1348 649 1386 duobus
663 1349 1155 1392 locis,simuloccideretui,&
1170 1364 1241 1387 non

114 1395 312 1425 incomminus.
337 1398 562 1436 occideretur.
574 1403 665 1438 Dico
677 1403 771 1451 quod
781 1402 882 1449 occisio
894 1405 1056 1452 accipitur
1072 1415 1134 1451 pro
1149 1400 1238 1452 sepa->

337 1452 471 1486 ratione
483 1464 602 1487 aiiimae
616 1454 634 1488 ἃ
647 1465 791 1503 corpore
809 1453 898 1490 faeta
907 1466 965 1503 per
978 1454 1179 1490 violentiam
1192 1478 1203 1495 ‚
1217 1452 1241 1490 fi

113 1520 146 1549 ..η
163 1528 220 1549 w„
251 1519 306 1548 lm
334 1499 400 1536 isto
410 1501 519 1538 inodo
532 1506 702 1541 occiditur
714 1509 750 1541 in
764 1518 833 1541 vno
846 1506 941 1545 loco,
952 1509 986 1542 δι
1000 1507 1035 1540 in
1047 1507 1242 1553 omni,quia

112 1560 245 1590 occiditur
253 1580 262 1593 .
278 1562 308 1588 in
333 1563 439 1600 agens
450 1557 485 1590 &
497 1555 588 1590 aestio
600 1558 649 1591 ita
659 1568 832 1605 comparat
838 1569 875 1592 ur
886 1557 928 1592 ad
941 1553 1048 1606 ipsum
1060 1559 1096 1592 in
1106 1556 1241 1593 duobus

113 1603 170 1649 alig
191 1604 286 1651 “mm
333 1601 422 1639 locis
435 1628 447 1645 ‚
459 1604 539 1641 licet
551 1604 664 1643 lieiset
677 1607 810 1644 tantum
829 1611 864 1643 iii
876 1620 959 1644 vno.
984 1609 1017 1644 Si
1028 1620 1140 1643 autent
1152 1613 1241 1644 acci·

112 1643 252 1675 '‘mim'‘
333 1657 447 1703 piatur
456 1654 556 1703 occtsto
575 1670 639 1707 pro
651 1671 754 1708 poena
764 1683 776 1700 ‚
786 1658 840 1694 vel
851 1658 1020 1695 violentia
1042 1657 1170 1695 inflicta
1182 1659 1241 1696 suo

330 1709 495 1756 corpori,
516 1710 598 1744 vtin
617 1709 951 1751 laticeationem,vel
971 1709 1244 1753 crucifixionem,

331 1754 377 1792 sie
390 1759 562 1795 occiditur
572 1762 609 1796 in
622 1774 690 1797 vno
705 1761 837 1801 loco‚&
856 1765 973 1797 nonin
988 1762 1057 1797 alio
1069 1787 1079 1802 ,
1092 1763 1128 1797 iii
1143 1773 1240 1798 vtro-

332 1821 401 1857 que
411 1821 526 1846 tamen
536 1810 617 1848 loco
631 1825 872 1862 moritur‚quia
886 1826 922 1848 tn
939 1825 1086 1862 vtroque
1099 1812 1180 1850 loeo
1193 1811 1242 1850 se·

332 1871 469 1909 paratur
478 1863 592 1898 anima
605 1863 625 1898 ὲ
643 1877 800 1914 corpore.
827 1862 1020 1902 Vndesicut
1040 1863 1099 1914 ipsi
1122 1865 1243 1902 dicunt

332 1911 376 1947 de
393 1924 537 1961 corpote
551 1913 681 1951 Christi
694 1919 731 1951 in
743 1928 842 1952 cruce
854 1940 863 1956 ‚
886 1920 920 1952 δι
939 1918 973 1951 in
987 1917 1111 1965 pyxide
1122 1940 1132 1957 ‚
1145 1917 1240 1965 quod

331 1961 401 1999 fuit
413 1968 808 2016 mortuum,aceipietido
817 1978 942 2002 mortem
955 1979 1018 2016 pto
1030 1966 1242 2017 separatione

331 2017 453 2051 auimae
463 2015 483 2051 a
493 2029 652 2066 eorpore3
663 2032 735 2054 non
747 2030 861 2055 tamen
873 2017 939 2054 fuit
953 2018 1050 2054 timul
1065 2031 1240 2056 mortuum

333 2067 521 2116 vtrobique
535 2071 756 2119 ‚accipiendo
776 2080 903 2105 mortem
922 2083 985 2119 pto
997 2069 1242 2119 poenainflitsta

332 2116 480 2154 ducente
490 2120 533 2155 ad
546 2133 709 2161 mortem,
722 2134 758 2157 vt
771 2121 1027 2162 vulneratione,
1040 2121 1094 2157 vel
1108 2122 1242 2160 lancea-

332 2171 431 2204 tione
441 2193 452 2210 ,
464 2173 545 2219 quia
556 2169 599 2207 fic
613 2173 744 2208 tantum
756 2170 821 2209 fuit
834 2184 1009 2208 mortuum
1023 2175 1059 2208 in
1072 2186 1192 2215 cruce,
1205 2178 1242 2211 δε

333 2231 407 2255 non
419 2233 456 2256 in
469 2223 591 2270 pyxide
604 2226 704 2272 ,quia
727 2223 945 2264 vulneratio,
964 2237 1037 2272 quae
1054 2225 1098 2260 est
1119 2224 1240 2262 diuifio

333 2275 514 2314 continui,
534 2272 686 2323 sequitur
698 2288 833 2311 motum
850 2275 996 2311 localem
1010 2279 1065 2316 ,&
1079 2289 1151 2311 non
1163 2290 1244 2326 prae-

139 2326 305 2359 ,Vulnerata
336 2324 427 2359 cedit
440 2331 531 2362 eum.
564 2328 622 2362 sic
634 2326 714 2362 dico
730 2328 772 2362 de
793 2339 938 2376 corpore
948 2325 1016 2363 alio
1030 2328 1193 2363 existente
1206 2327 1244 2362 si-

101 2365 230 2417 s‘fffss'm'
269 2369 308 2398 ‘d
334 2374 407 2409 mul
421 2375 575 2412 localiter
589 2380 626 2411 in
636 2375 775 2413 diuerfis
791 2379 891 2414 locis.

108 2408 305 2487 'fxqumm
389 2426 442 2460 Ad
454 2438 615 2472 quartum
626 2428 720 2467 dico,
733 2429 828 2476 quod
840 2427 964 2464 esuries
976 2427 1020 2462 est
1035 2429 1129 2464 astus
1139 2441 1242 2477 appe-

108 2490 305 2519 ineonuenieus.
335 2477 418 2512 titus
433 2500 444 2516 ,
456 2480 489 2512 &
504 2476 583 2514 ideo
594 2489 666 2512 non
679 2478 848 2527 dependet
862 2477 904 2520 ab
916 2475 971 2512 vbi
983 2501 994 2517 2
1008 2478 1061 2514 vel
1073 2490 1171 2515 motu
1184 2481 1239 2516 10-

107 2530 229 2569 Qidfie
243 2531 305 2568 esu-
334 2527 400 2563 cali
414 2541 423 2570 i
436 2531 470 2564 &
491 2528 568 2564 ideo
588 2540 711 2577 corpus
730 2532 873 2566 existens
894 2532 928 2564 in
949 2527 1240 2572 duobuslocis‚st

106 2572 301 2611 rins,&ſseie-
334 2576 458 2615 esuriat
481 2582 516 2614 in
530 2593 599 2615 vno
614 2579 694 2616 loco
708 2605 719 2621 ,
737 2586 773 2618 &
787 2585 823 2618 in
835 2580 927 2623 ali03
944 2577 966 2614 fi
990 2578 1241 2618 saturareturin

109 2620 162 2644 η’·
334 2642 405 2666 vno
420 2655 431 2670 ‚
443 2634 527 2667 &in
553 2631 623 2667 alio
636 2656 648 2672 ,
663 2631 742 2669 licet
766 2632 815 2669 ibi
838 2643 1014 2680 nunquam
1039 2631 1179 2669 haberet
1199 2634 1240 2669 ad

333 2682 736 2726 comedendum3satietas
748 2687 841 2720 enirn
855 2687 888 2719 &
901 2681 1024 2718 esuries
1034 2680 1110 2719 sunt
1119 2682 1240 2721 fonvae

334 2731 496 2770 absolutae
511 2758 521 2774 ,
533 2734 624 2784 prius
639 2733 889 2784 consequentes
913 2732 1098 2771 subieetum
1114 2761 1125 2777 ‚
1136 2736 1241 2784 quam

334 2783 411 2825 vbi,
433 2792 467 2822 &
489 2786 568 2822 ideo
580 2786 622 2821 ad
637 2791 863 2824 variationem
875 2803 878 2806 ·
888 2785 1083 2835 posterioris
1105 2800 1179 2823 non
1193 2789 1243 2824 se-

334 2838 450 2885 quitur
465 2840 608 2874 variatio
619 2841 744 2886 prioris
759 2865 769 2879 ‚
781 2851 817 2875 vt
831 2837 923 2874 istius
943 2836 1076 2874 forma.

387 2888 523 2924 Contra
536 2891 596 2925 ista
613 2891 752 2926 instatur
765 2889 828 2926 fic:
842 2887 863 2924 fi
880 2890 970 2924 idem
989 2901 1112 2938 corpus
1129 2891 1240 2939 potest

334 2937 398 2975 esse
416 2939 512 2976 simul
527 2944 563 2976 in
586 2940 817 2978 duobuslocis
830 2952 999 2989 ,ponatur
1023 2944 1127 2991 igitur
1147 2942 1239 2978 idem

335 3003 584 3028 nutrimentum
596 2990 682 3029 sumi
695 2991 903 3029 adiuersisin
917 2991 1054 3028 diuersis
1067 2992 1240 3035 locis5hoe

332 3044 620 3092 poneiido,virtus
636 3046 804 3081 nutritiua
815 3041 990 3091 vttiusque
999 3055 1112 3093 ageret
1127 3047 1163 3079 in
1177 3058 1241 3081 nu-

333 3099 533 3131 trimentum
547 3096 1078 3145 approximatum,conuertendo
1090 3093 1240 3132 substan-

332 3147 414 3181 tiam
431 3149 635 3183 nutrimenti
649 3151 683 3183 in
697 3145 913 3184 substantiam
936 3149 1008 3183 eius
1023 3151 1078 3187 ,δι
1093 3158 1174 3182 tune
1185 3145 1236 3184 se-

331 3201 451 3244 quitur
466 3198 541 3243 hoc¹
553 3200 805 3235 inconueniens
821 3224 830 3238 ,
845 3198 940 3246 quod
961 3198 1078 3234 eadem
1099 3204 1241 3236 materia

334 3246 522 3286 informata
551 3253 615 3286 erit
643 3249 774 3286 duabus
812 3248 936 3284 formis
965 3247 1239 3288 substantialibus

336 3298 485 3336 eiusdem
503 3299 623 3349 speciei
638 3325 649 3341 ,
670 3314 703 3336 vr
717 3298 829 3336 forma
851 3303 962 3336 carnis
976 3299 1079 3337 huius
1091 3326 1100 3341 ‚
1112 3305 1147 3338 &
1161 3301 1235 3337 fot-

332 3363 388 3386 ma
400 3355 509 3388 carnis
521 3352 624 3388 istius,
651 3352 816 3387 Similiter
831 3351 926 3400 quod
939 3355 1109 3388 animetur
1120 3354 1236 3389 eadem

333 3406 472 3438 materia
487 3406 688 3439 nutrimenti
712 3402 842 3438 duabus
855 3402 1044 3439 animabus,

383 3457 469 3489 Item
485 3479 494 3492 ‚
508 3452 620 3503 pofito
632 3455 727 3501 quod
751 3455 843 3489 idem
857 3453 991 3503 lignum
1010 3453 1087 3490 effet
1101 3457 1136 3491 in
1151 3455 1238 3492 duo-

333 3502 395 3540 bus
411 3504 495 3541 locis
507 3530 518 3544 ‚
533 3503 554 3540 fi
569 3507 638 3541 duo
653 3508 750 3554 ignes
764 3516 865 3554 agant
879 3518 914 3540 in
928 3504 1025 3546 illud,
1037 3511 1237 3554 impriment

332 3559 368 3591 i'n
384 3556 469 3591 illud
491 3557 578 3591 duos
600 3555 730 3591 calores
744 3580 754 3595 ,
769 3556 821 3591 vel
837 3557 1031 3606 duosigues
1043 3582 1052 3598 ,
1067 3563 1101 3595 &
1120 3561 1167 3594 ita
1187 3572 1238 3594 ea-

333 3608 410 3643 dem
432 3610 572 3643 materia
590 3610 754 3655 reciperet
768 3608 848 3642 duas
868 3605 997 3643 formas
1007 3607 1156 3645 eiusdem
1171 3608 1239 3659 spe-

330 3661 410 3698 ciei,
422 3659 516 3707 quod
529 3658 574 3694 est
588 3661 851 3694 inconueniens.

380 3713 466 3746 Item
483 3735 493 3751 ,
504 3707 655 3757 sequitur
667 3709 762 3758 quod
785 3721 907 3756 paruus
919 3711 1010 3758 iguis
1023 3709 1129 3760 posset
1140 3725 1237 3748 com·

329 3757 450 3799 burete
461 3763 580 3796 omnia
599 3759 694 3809 ligna
707 3759 960 3796 combustibilia
974 3761 1118 3799 vniuerfi
1129 3787 1142 3805 ‚
1155 3766 1238 3813 quia

491 3812 576 3847 Scan·
584 3821 663 3862 oper.
674 3810 762 3849 Tom.
776 3812 811 3847 X
816 3812 844 3848 Ι.
860 3812 935 3846 Pars
944 3812 998 3849 Il.

171 2853 241 2880 21.

108 2899 210 2927 Contra
232 2896 302 2931 filu.

108 2940 192 2968 times
207 2939 303 2967 afflatu

108 2979 192 3017 n'nstae
207 2982 304 3010 Dodor

104 3020 204 3060 prim).

107 3455 237 3488 &cundb-

107 3711 206 3744 renib.

2093 110 2231 206 641

1321 226 1344 264 fi
1368 229 1477 278 potest
1489 227 1553 266 esse
1567 228 1663 265 fimul
1676 230 1712 264 in
1731 228 1883 278 pluribus
1898 228 1984 265 locis
1999 255 2009 270 .
2027 230 2082 268 vel
2103 237 2221 269 omui-

1319 277 1383 316 bus
1397 284 1452 321 ,in
1465 280 1590 329 quibus
1611 281 1720 330 potest
1731 285 1957 330 approximari
1970 282 2218 322 combustibili-

1318 329 1382 366 bus
1396 356 1406 371 ‚
1419 338 1467 371 &,
1478 345 1535 380 per
1548 345 1581 367 te
1591 356 1601 371 ,
1620 334 1787 379 quicquid
1799 345 1901 381 agens
1911 334 2020 381 potest
2038 337 2072 369 in
2086 348 2154 370 vno
2167 338 2217 371 lo·

1318 395 1362 418 co
1377 381 1526 432 respc&u
1550 382 1649 432 paffi,
1670 383 1737 417 hoc
1757 385 1866 432 potest
1887 387 1922 418 in
1938 385 2099 421 omnibus
2118 386 2138 420 si
2156 400 2216 435 :ip-

1318 439 1530 482 proximetur
1551 449 1560 475 5
1587 436 1692 482 igitur
1724 433 1821 470 simul
1855 434 2070 471 combureret
2101 443 2220 472 omnia

1317 483 1571 520 combustibilia
1589 484 1734 520 vniuerii
1750 510 1760 526 ,
1773 487 1866 534 quod
1892 485 2025 522 videtur
2050 491 2215 523 inconne-

1317 547 1428 572 mens.

1368 589 1455 622 Item
1467 610 1478 627 ‚
1490 583 1511 620 fi
1524 586 1614 622 idem
1635 583 1741 636 posset
1755 585 1852 623 simul
1866 585 1928 624 effe
1942 591 1978 622 in
1993 587 2147 636 pluribus
2162 589 2211 625 lo·

1316 639 1386 678 cis,
1401 640 1507 687 igitur
1530 635 1636 686 polset
1661 637 1785 686 aliquis
1804 638 2002 674 naturaliter
2015 637 2078 675 efl'e
2098 642 2134 675 in
2149 642 2219 678 alio

1315 687 1417 730 loco,
1428 693 1464 725 &
1477 687 1523 723 ibi
1537 689 1702 724 continue
1717 689 1888 725 sustentari
1904 703 1962 739 per
1985 691 2219 739 quodcunque

1317 751 1451 788 tempus
1469 740 1666 775 naturaliter
1679 764 1689 779 ‚
1707 745 1741 776 ὅ(
1769 738 1836 776 sine
1860 741 1978 788 aliquo
2005 746 2217 779 nutrimento

1315 789 1362 826 ibi
1388 789 1524 839 sumpto
1539 815 1549 831 ,
1563 793 1643 838 quia
1661 788 1835 827 satiaretur
1848 794 1884 827 in
1906 793 1976 828 alio
1997 791 2077 827 loco
2090 818 2100 833 ,
2121 796 2217 830 &ibi

1315 840 1455 878 haberet
1468 841 1583 877 cibum
1596 856 1606 883 3
1621 846 1724 891 igitur
1738 842 1758 877 ii
1774 843 1829 878 hic
1838 841 1989 883 esuriret,
2005 841 2132 892 semper
2144 844 2217 881 esu-

1314 894 1397 928 riret
1410 917 1419 933 .
1431 896 1513 941 quia
1527 892 1583 928 hic
1605 906 1781 941 nunquam
1803 893 1946 930 sumeret
1971 893 2085 930 cibum
2101 921 2110 932 ,
2122 901 2155 932 ὅ(
2171 899 2219 932 ita

1315 942 1411 979 simul
1434 946 1630 984 lanatum,
1649 949 1682 980 &c
1705 942 1865 984 esuriret,
1888 948 1968 994 quia
1990 945 2161 982 satiaretur
2181 952 2218 983 in

1315 1007 1386 1030 vno
1399 996 1498 1035 loco,
1511 994 1568 1030 vbi
1581 1008 1756 1044 nunquam
1766 999 1933 1046 acciperet
1947 995 2074 1038 cibum,
2087 1002 2119 1034 &
2134 996 2218 1034 scm·

1314 1057 1374 1095 per
1385 1045 1523 1082 esuriret
1535 1049 1571 1081 in
1584 1047 1664 1082 loco
1676 1046 1731 1082 vbi
1745 1050 1911 1097 acciperet
1923 1046 2038 1084 eibum
2053 1073 2064 1089 ,
2076 1062 2149 1097 quae
2166 1052 2216 1085 vi-

1315 1097 1439 1133 dentur
1451 1095 1603 1134 absurda.

1365 1152 1453 1184 Item
1468 1173 1478 1189 ‚
1492 1161 1639 1197 potiatur
1651 1148 1745 1197 quod
1767 1151 1802 1185 in
1828 1148 1962 1186 duobus
1977 1149 2062 1186 locis
2075 1151 2217 1186 existens
2244 1157 2360 1202 Qimb.

1314 1197 1455 1235 haberet
1482 1201 1552 1235 duo
1576 1204 1785 1236 nutrimenta
1808 1201 1928 1237 toralia
1953 1199 2154 1238 sufficientia
2176 1204 2217 1238 ad

1312 1254 1532 1287 nutriendum
1546 1250 1727 1300 quodlibet
1749 1264 1807 1301 per
1824 1250 1854 1288 se
1867 1277 1877 1293 ‚
1890 1256 1994 1302 igitur
2021 1257 2056 1288 in
2082 1253 2217 1289 duobus

1312 1301 1383 1338 illis
1397 1304 1482 1338 locis
1505 1301 1649 1338 sumeret
1669 1306 1901 1343 nutrimenta,
1914 1316 2061 1352 quorum
2084 1316 2212 1340 vtrum-

1312 1365 1380 1401 que
1392 1350 1598 1390 sufficienter
1617 1356 1762 1390 nutriret
1775 1353 1844 1391 siiie
1862 1355 1932 1391 alio
1947 1381 1958 1396 ,
1969 1369 2044 1404 quae
2058 1355 2219 1392 videntur

1312 1415 1606 1442 inconuenientia.

1365 1457 1419 1492 Ad
1433 1459 1581 1505 primum
1595 1483 1605 1498 ,
1619 1456 1726 1507 poffet
1736 1458 1878 1495 concedi
1894 1456 1987 1506 quod
2003 1470 2068 1493 vna
2078 1460 2219 1494 materia
2246 1453 2378 1496 Responfio

1312 1506 1381 1544 hoc
1402 1506 1515 1557 posito
1530 1507 1775 1546 informaretur
1793 1509 1923 1546 duabus
1938 1508 2061 1545 formis
2070 1507 2218 1545 eiusdem
2247 1501 2374 1548 “lmus''
2394 1496 2439 1567 ,ἴ

1312 1557 1436 1608 speciei
1451 1584 1463 1599 ,
1476 1572 1539 1595 nec
1549 1572 1631 1596 tunc
1648 1559 1727 1598 esset
1748 1574 1879 1598 nouum
1900 1559 2103 1596 miraculum
2115 1586 2125 1600 ,
2138 1564 2219 1609 quia
2238 1547 2400 1620 ZZZJZ¹

1313 1623 1352 1647 ex
1374 1624 1445 1660 quo
1465 1614 1606 1660 ponitur
1619 1615 1656 1649 in
1670 1612 1805 1649 duobus
1819 1613 1926 1653 locis,
1943 1614 2085 1661 ponitur
2097 1611 2218 1661 aliquo

1315 1664 1425 1698 modo
1438 1675 1474 1698 iu
1485 1666 1618 1699 ratione
1632 1664 1780 1714 duplicis
1792 1662 1884 1712 paffi.

1362 1715 1455 1750 Dico
1470 1726 1584 1751 tamen
1606 1714 1704 1752 aliter-
1716 1741 1727 1757 ,
1741 1717 1836 1764 quod
1850 1727 1923 1750 non
1936 1717 1973 1750 in
1993 1714 2110 1750 eadem
2124 1727 2219 1763 parte
2304 1732 2325 1758 2
2335 1730 2372 1758 ι,

1312 1770 1462 1801 materiae
1485 1766 1728 1804 inducerentur
1749 1768 1822 1803 duae
1845 1765 1964 1810 formae
1978 1764 2127 1801 eiusdem
2142 1764 2215 1815 spe·
2259 1775 2357 1806 solutio
2374 1782 2436 1814 pro-

1312 1818 1378 1853 eiei
1400 1842 1410 1859 ,
1442 1819 1524 1866 quia
1543 1830 1602 1854 aut
1627 1822 1735 1855 virtus
1758 1820 1925 1855 nutritiua
1944 1814 2118 1866 vtriusque
2139 1816 2219 1853 effer
2242 1819 2311 1858 pria.

1313 1867 1476 1918 aequalis,
1490 1872 1525 1905 &
1541 1881 1623 1905 tunc
1641 1869 1817 1920 aequalitet
1835 1881 1979 1917 vtraque
2003 1870 2110 1904 virtus
2135 1882 2221 1904 con-

1314 1931 1462 1956 uerteret
1483 1925 1733 1958 nutrimentum
1753 1926 1788 1957 in
1811 1918 1902 1957 suam
1927 1919 2165 1961 substantiam,
2186 1924 2221 1957 δε

1314 1982 1435 2007 neutra
1454 1968 1598 2008 sumeret
1611 1984 1746 2013 totum,
1766 1970 1820 2008 sed
1835 1985 1900 2008 vna
1914 1975 2024 2007 virtus
2046 1973 2146 2006 vnius
2166 1984 2222 2007 ac·

1314 2024 1443 2072 ciperet
1456 2035 1558 2059 vnam
1572 2036 1701 2073 partem
1714 2049 1724 2065 ‚
1737 2028 1772 2061 &
1795 2023 1860 2060 alia
1879 2025 1980 2060 aliam
1990 2047 2000 2063 ‚
2019 2026 2053 2060 &
2068 2034 2126 2071 per
2140 2035 2223 2058 con·

1314 2069 1460 2123 sequens
1485 2087 1552 2110 vna
1577 2088 1652 2125 pars
1673 2079 1822 2112 materiae
1839 2074 2085 2111 informaretur
2109 2071 2223 2110 forma

1313 2122 1524 2162 substantiali
1536 2130 1648 2163 carnis
1660 2129 1760 2164 vuius
1772 2152 1783 2168 ‚
1796 2131 1828 2164 &
1842 2126 1906 2163 alia
1920 2139 1995 2177 pars
2009 2127 2157 2161 materiae
2168 2128 2221 2160 in-

1314 2175 1522 2213 formaretur
1534 2175 1647 2214 forma
1657 2182 1767 2215 carnis
1781 2178 1931 2215 alterius.

1366 2229 1400 2264 Si
1413 2229 1495 2265 veto
1510 2231 1619 2266 virtus
1632 2233 1796 2266 nutritiua
1811 2233 1846 2264 in
1858 2242 1928 2264 vno
1942 2226 1980 2264 fit
1988 2224 2173 2268 efficacior,
2186 2232 2223 2265 δε

1316 2282 1496 2328 potentior
1507 2304 1517 2319 ,
1527 2281 1632 2326 quam
1645 2284 1682 2316 in
1704 2281 1773 2316 alio
1787 2305 1798 2321 ,
1809 2280 1884 2330 plus
1897 2291 2112 2315 conuerteret
2126 2303 2136 2319 ,
2157 2278 2223 2315 alia

1315 2342 1430 2367 tamen
1444 2329 1626 2377 aliquid,&
1637 2331 1715 2366 ideo
1727 2343 1902 2378 nunquam
1917 2327 2067 2378 sequitur
2077 2330 2220 2366 eandem

1313 2392 1443 2430 partem
1463 2393 1612 2416 materiae
1634 2383 1783 2430 recipere
1797 2381 1910 2431 plures
1924 2379 2053 2417 formas
2065 2376 2218 2417 substan-

1313 2431 1412 2468 tiales
1425 2430 1574 2467 eiusdem
1588 2431 1723 2482 speciei.

1366 2483 1420 2519 Ad
1438 2480 1621 2519 secundum
1636 2509 1646 2525 ,
1670 2485 1749 2520 dico
1776 2483 1872 2533 quod
1895 2480 2028 2532 lignum
2060 2482 2211 2530 qualem·
2245 2483 2434 2531 qrdsecfdam.

1313 2546 1452 2584 cunque
1475 2537 1645 2584 reciperer
1661 2533 1808 2571 formam
1828 2536 1846 2570 'a
1867 2536 2000 2570 duobus
2024 2534 2218 2583 agentibus,
2242 2528 2376 2561 &uomodo
2394 2529 2433 2557 ¹¹·

1314 2590 1458 2626 existens
1481 2589 1516 2621 in
1545 2600 1615 2622 vno
1644 2586 1724 2622 loco
1744 2611 1754 2627 ‚
1778 2587 1879 2623 talem
1909 2585 2056 2624 formam
2083 2589 2211 2635 reeipe—
2235 2569 2432 2646 {maxx

1315 2653 1365 2677 ret
1387 2638 1429 2676 ab
1443 2635 1569 2673 eisdem
1591 2641 1837 2688 approximatis
1851 2663 1861 2679 ,
1884 2635 1906 2672 fi
1921 2635 1998 2672 effer
2024 2640 2060 2672 in
2082 2637 2216 2673 duobus
2239 2650 2273 2685 ό.
2291 2651 2433 2720 «inebria

1311 2693 1412 2731 locis.
2238 2702 2293 2720 com
2313 2692 2400 2729 ustum

1363 2741 1465 2781 Vnde
1477 2738 1559 2779 ficut
1571 2741 1641 2777 duo
1653 2744 1750 2790 ignes
1761 2741 1987 2790 approximati
1998 2738 2108 2775 eidem
2119 2737 2218 2788 ligno
2238 2741 2342 2771 ‘vm'
2357 2735 2431 2783 ,ἅθ’

1311 2798 1347 2832 in
1371 2807 1443 2829 vno
1465 2791 1545 2829 loco
1570 2817 1579 2833 ,
1605 2792 1844 2842 perfefflorem
1867 2794 1982 2839 ignem
1995 2772 2334 2840 generabunt,s⁰''''⁴¹‘
2351 2784 2431 2814 ΨΜ·

1312 2849 1361 2883 ita
1374 2848 1477 2882 etiam
1490 2847 1526 2880 in
1545 2843 1679 2880 duobus
1704 2843 1792 2880 locis
1804 2868 1814 2884 ,
1839 2840 1975 2879 ficffent
1992 2845 2219 2892 approximati

1311 2897 1422 2935 eidem
1435 2897 1546 2946 ligno,
1558 2896 1627 2932 hoc
1640 2897 1731 2932 idem
1746 2893 1908 2931 facerent.

1363 2949 1416 2985 Ad
1430 2950 1592 2989 tertium,
1615 2947 1696 2984 dico
1717 2944 1810 2995 quad
1823 2945 1910 2982 illud
1924 2945 2016 2982 idem
2029 2969 2040 2985 2
2057 2945 2151 2993 quod
2163 2943 2215 2980 fa·
2241 2958 2289 2989 Ad
2307 2961 2429 2992 ,nn-m,

1314 3011 1405 3036 eeret
1420 3013 1506 3036 vnus
1519 3012 1643 3049 paruus
1659 3001 1749 3050 ignis
1763 3001 1798 3033 in
1812 3010 1883 3033 vno
1895 2994 1968 3038 vbi,
1980 2999 2016 3032 in
2030 3008 2101 3045 quo
2112 2994 2217 3033 essent

1313 3054 1434 3088 omnia
1455 3049 1710 3088 combustibilia
1722 3073 1732 3089 ‚
1753 3047 1850 3084 simul
1865 3059 2047 3098 aggregata
2060 3072 2071 3088 ‚
2086 3045 2166 3084 ficut
2179 3050 2218 3085 in

1313 3114 1385 3139 vno
1403 3102 1505 3142 loeo.
1519 3102 1587 3138 hoc
1605 3104 1696 3138 idem
1719 3099 1845 3136 faceret
1868 3102 2125 3150 approximatus
2146 3098 2217 3136 illis

1311 3153 1611 3190 combustibilibus
1625 3157 1660 3190 in
1673 3150 1811 3190 diuerfis
1825 3151 1910 3188 locis
1924 3166 1934 3194 3
1947 3151 2036 3187 vnde
2048 3148 2128 3186 sicut
2141 3163 2217 3199 age-

1311 3217 1362 3242 ret
1376 3204 1442 3241 alia
1463 3207 1601 3242 actione
1621 3203 1752 3241 remilla
1775 3205 1810 3239 in
1825 3205 1944 3239 omnia
1963 3200 2219 3239 combustibilia

1310 3255 1407 3292 simul
1429 3257 1606 3293 existentia
1617 3259 1655 3292 in
1669 3269 1738 3294 vno
1749 3257 1830 3292 loco
1843 3279 1854 3295 ‚
1865 3252 1907 3289 fic
1923 3257 2025 3290 etiam
2049 3265 2163 3302 ageret
2178 3257 2214 3289 in

1311 3306 1451 3344 diuerfis
1466 3308 1553 3344 locis
1566 3308 1813 3358 approximatis
1827 3304 1910 3341 illis.

1360 3359 1413 3395 Ad
1429 3370 1586 3406 quartum
1600 3359 1778 3400 ,concedo
1792 3356 1887 3406 quod
1899 3355 1921 3392 fi
1943 3355 2082 3394 haberet
2097 3354 2212 3392 cibum
2241 3354 2427 3407 Adguamns,

1309 3410 1350 3446 ad
1367 3406 1602 3446 sufficientiam
1621 3413 1656 3446 in
1679 3423 1749 3445 vno
1775 3410 1877 3448 loco,
1896 3413 1930 3444 δι
1953 3407 2032 3445 esser
2057 3405 2151 3443 fimul
2174 3411 2210 3444 in
2230 3399 2358 3475 fi4”¹7⁶¹
2383 3399 2431 3449 ‘3¹‘

1309 3459 1475 3504 alio,vbi‚
1497 3461 1585 3497 nihil
1611 3474 1760 3510 vnquam
1787 3457 1981 3496 haberetde
2003 3460 2103 3499 cibo,
2119 3460 2211 3507 quod
2236 3448 2432 3513 „Zuffffit‘i‘

1312 3511 1361 3547 ibi
1385 3525 1458 3548 non
1480 3510 1620 3548 esuriret
1638 3537 1648 3552 ‚
1666 3511 1719 3548 sed
1740 3508 1818 3547 effct
1839 3508 1967 3560 semper
1990 3511 2036 3546 ibi
2061 3508 2212 3551 satiatus,
2237 3523 2393 3553 „usu-im„
2421 3504 2433 3521 ’

1311 3575 1384 3599 non
1400 3563 1495 3611 quod
1514 3561 1563 3598 ibi
1589 3562 1720 3599 satiaret
1742 3561 1773 3598 se
1790 3587 1800 3602 ‚
1822 3564 1902 3610 quia
1915 3573 1972 3611 per
1986 3561 2131 3610 positum
2147 3587 2154 3601 ‚
2174 3573 2210 3597 vt
2241 3564 2369 3612 alimsnn
2396 3563 2432 3594 ab

1309 3613 1359 3650 'ibi
1375 3614 1519 3649 existens
1542 3627 1614 3649 non
1639 3612 1781 3650 sumeret
1795 3613 1909 3649 cibum
1923 3638 1933 3653 ,
1949 3611 2000 3648 sed
2016 3616 2096 3662 quia
2117 3610 2207 3649 suffi-
2239 3615 2266 3632 ‘⁰
2283 3604 2432 3646 *stiffi*

1310 3667 1439 3702 cienter
1456 3663 1633 3701 satiaretur
1645 3667 1680 3700 in
1692 3664 1774 3700 alio.
2237 3652 2294 3684 Μ’

1361 3717 1463 3752 Vnde
1477 3715 1558 3752 ficut
1580 3719 1617 3752 in
1639 3729 1709 3751 vno
1735 3716 1814 3751 loco
1828 3712 1906 3752 effet
1930 3712 2067 3751 satiatus
2083 3740 2092 3755 ‚
2115 3717 2163 3751 ita
2178 3720 2214 3753 δι

1310 3769 1347 3803 in
1360 3766 1669 3809 infiniti8‚etiamsi
1689 3770 1727 3804 iri
1749 3766 1820 3804 illis
1835 3766 1923 3804 nihil
1937 3763 2094 3852 {lumeren
2163 3817 2218 3854 Ad

2245 579 2351 619 Quart&
2358 602 2363 607 .
