2736 4042
177 1159 349 1199 cusentinus

154 1204 219 1233 effu
229 1200 346 1230 exterio-

152 1246 181 1275 ”⁸
190 1263 199 1276 r
211 1242 247 1280 ά
254 1239 347 1280 dia-‘⁸’

152 1287 224 1316 tiens
248 1287 346 1313 sma-

152 1334 243 1357 ωηεν
284 1324 348 1353 48η

151 1363 344 1404 interiorifim-

147 1409 260 1448 pliciter
266 1406 303 1444 cst
311 1404 346 1436 εὖ

150 1447 270 1486 Ecclesia
276 1457 348 1477 com-

147 1490 289 1530 ponendus.

148 1981 283 2023 Quodn
293 1982 339 2010 et-

146 2024 270 2061 finn'mt
305 2032 342 2052 ox

147 2074 223 2094 nem
233 2062 274 2104 fit
291 2062 341 2093 bn-

144 2107 284 2146 ptime-c.

182 3130 318 3171 Quomodo

152 3176 211 3213 quia
236 3174 346 3210 recipere·

146 3214 232 3252 potest
245 3218 343 3243 Sacra·

150 3264 273 3285 mentun·
284 3276 293 3290 ,
312 3254 347 3289 ό·

154 3297 344 3327 chartarum.

152 3338 189 3374 ά
215 3348 266 3366 non
291 3347 347 3367 rem

150 3380 329 3410 summati.

1068 111 1431 218 Quaestio
1472 108 1578 198 V.

388 255 468 286 tune
481 245 656 283 actualiter
669 258 741 282 non
752 247 881 295 cogitat
895 246 937 281 de
950 244 1089 288 eo3ver&
1101 256 1215 280 tamen
1232 256 1279 279 re-

386 302 470 346 cipit
492 301 743 335 Sacramentum
756 320 766 335 ,
787 302 821 333 &
836 309 904 333 rem
917 298 1124 332 Sacramenti
1137 319 1148 336 ,
1172 293 1193 329 fi
1210 307 1281 331 non

386 349 494 384 obstet
516 349 658 397 aliquod
670 348 966 397 impedimentum.
990 345 1152 396 Qiaetsi
1166 348 1278 381 Sacer·

385 399 449 434 dos
469 403 506 434 in
519 398 738 435 conficiendo
753 399 993 434 Eucharistiam
1007 423 1018 438 ‚
1039 398 1077 433 fit
1092 397 1278 436 distraetus,

383 449 462 485 νει-ὲ
473 462 585 485 tamen
598 447 740 484 conficit
753 473 763 486 .
776 447 846 484 siin
861 450 1032 497 principio
1041 472 1052 488 ,
1062 448 1201 496 quando
1215 450 1279 483 init

383 501 425 535 ad
438 500 542 535 altare
552 524 563 540 ,
575 499 691 535 habuit
702 502 932 535 intentionem
943 498 1165 538 conficiendi,
1176 501 1278 534 etiam

383 549 407 585 si
420 551 492 597 post
510 552 685 586 distractus
708 548 816 585 suerit
838 553 874 585 in
887 548 965 599 ipsis
977 549 1089 585 verbis
1102 548 1278 585 consecra-

383 604 491 638 tionis
512 626 523 642 ‚
547 601 735 638 dummodo
762 601 862 650 plene
884 625 896 642 ,
925 605 961 637 δε
989 600 1144 637 distinete
1163 601 1276 648 expri-

384 662 454 687 mat
466 665 516 688 ea.

431 704 485 737 De
499 701 695 750 simpliciter
709 703 842 741 inuito,
862 703 921 749 qui
933 699 1084 737 dissentit
1094 699 1278 741 contrariis,

382 764 455 788 non
469 754 515 789 est
526 751 720 790 differentia
729 752 895 801 quantum
908 753 950 788 ad
960 749 1118 788 effectum
1129 754 1274 787 interio-

379 814 466 844 rem,
477 802 544 840 fiue
553 806 698 854 gratiam
711 802 941 852 recipiendam
953 827 965 843 ,
977 802 1044 839 siue
1055 802 1214 839 reclamet
1224 814 1279 837 ex·

380 854 503 895 terius,
519 853 586 891 siue
596 867 682 890 non.
708 856 806 902 Qa
815 854 857 889 ad
868 853 936 889 hoc
945 855 1040 902 quod
1050 854 1174 902 aliquis
1187 855 1274 889 reci-

379 907 451 952 piat
460 907 728 945 Sacramentum,
739 916 879 953 oportet
889 905 984 954 quud
996 903 1117 940 habeat
1128 903 1278 952 aliquem

377 956 491 991 aetum
515 957 748 993 voluntarium
773 952 973 1004 suscipiendi
993 953 1102 1004 ipsum
1110 969 1125 997 ⁸:
1148 953 1274 990 dissen-

378 1008 468 1042 tiens
488 1002 658 1044 contrarie
670 1006 802 1042 nullum
815 1007 918 1042 talem
929 1007 1040 1042 aetum
1053 1004 1178 1048 habet,
1191 1017 1275 1055 ergo

377 1068 452 1092 non
467 1061 589 1107 recipit
602 1060 871 1097 Sacramentum.

429 1109 494 1144 Sed
514 1108 709 1146 differentia
725 1109 771 1145 est
790 1106 957 1158 quantum
971 1107 1013 1143 ad
1027 1107 1191 1144 indicium
1211 1107 1276 1141 Ec-

378 1156 483 1195 clefiae
495 1184 507 1200 ,
518 1173 598 1197 nam
610 1159 771 1198 simulans
783 1160 814 1196 se
833 1161 983 1207 recipere
995 1156 1203 1208 Baptismum
1213 1182 1226 1199 ,
1241 1162 1276 1195 δι

379 1220 494 1246 tamen
504 1210 701 1248 ditsentiens
718 1212 939 1247 Sacramento
948 1210 1024 1245 aaa
1034 1212 1195 1246 interiori
1200 1208 1274 1245 sim-

378 1259 515 1309 pliciter
527 1286 539 1303 ,
548 1263 738 1299 dummodo
749 1274 823 1297 non
835 1259 1068 1297 manifestetur
1079 1260 1176 1311 signo
1186 1273 1275 1297 exte·

378 1313 475 1353 riori,
485 1324 522 1348 νε
532 1313 749 1350 reclamando
761 1325 835 1348 non
848 1311 1061 1348 contradicat
1071 1336 1082 1352 ,
1093 1312 1148 1349 vel
1159 1310 1203 1348 fic
1211 1312 1274 1348 dis-

376 1361 500 1400 sentiat
515 1388 526 1404 ,
551 1362 773 1402 iudicatutab
781 1361 930 1399 Ecclesia
941 1362 1010 1399 hoc
1017 1364 1273 1400 Sacramentum

375 1413 544 1464 recepisse.
575 1418 618 1452 Et
639 1415 718 1453 ideo
737 1427 797 1465 per
820 1412 995 1451 censuram
1014 1412 1276 1452 Ecclefiasticam

374 1465 538 1515 compelli
558 1466 662 1503 habet
676 1491 687 1507 ,
712 1478 748 1502 νε
763 1467 806 1502 de
814 1464 896 1501 ficto
907 1463 967 1501 fiat
980 1475 1079 1501 verus
1103 1465 1272 1503 Christia-

373 1526 454 1557 nus,
464 1515 546 1554 sicut
560 1529 653 1567 patet
663 1517 706 1554 de
718 1515 957 1553 consentiente
964 1518 1003 1552 in
1014 1519 1276 1555 matrimonium

372 1566 516 1604 alicuius
528 1581 645 1604 coram
666 1566 813 1605 Ecclesia
824 1592 837 1609 ,
857 1566 1037 1604 voluntate
1063 1566 1142 1604 fieta
1155 1593 1166 1609 ,
1177 1570 1275 1619 quod

372 1618 538 1667 compelli
554 1619 656 1656 habet
678 1618 768 1656 abea
781 1644 792 1660 ‚
816 1630 853 1656 vt
866 1629 1047 1655 conuertat
1058 1617 1275 1658 uoluntatem

371 1667 487 1705 fletam
498 1672 535 1706 in
547 1670 763 1708 voluntatem
775 1681 890 1708 veram
901 1696 913 1712 ,
924 1670 966 1706 ad
986 1666 1276 1709 consentiendum

371 1723 552 1762 veraciter,
563 1724 618 1758 cui
633 1733 748 1758 tamen
764 1718 1000 1758 consentiebat
1011 1721 1103 1771 prius
1119 1722 1210 1760 Εᾶὲ.
1237 1725 1276 1760 Si

372 1781 487 1806 autern
499 1769 539 1808 fit
550 1775 699 1809 omniuo
715 1771 912 1809 dissentiens
922 1796 933 1813 ,
946 1776 983 1809 &
995 1771 1182 1810 reclamans
1196 1788 1275 1812 eum

371 1819 470 1871 signo
482 1826 661 1865 exteriori,
670 1823 762 1860 nihil
772 1826 894 1873 recipit
903 1847 914 1864 ,
925 1835 989 1859 nec
999 1822 1184 1861 seeundum
1197 1828 1275 1863 vni-

371 1883 492 1914 tatem,
506 1886 570 1911 nee
581 1873 765 1912 secundum
776 1877 943 1912 iudicium
953 1873 1119 1913 Ecclesiae.

422 1924 459 1959 Si
485 1937 601 1962 autem
622 1925 749 1976 aliquis
772 1925 965 1964 consentiat
982 1924 1168 1964 secundum
1186 1928 1274 1977 quid,

371 1977 453 2061 puia
462 1987 602 2026 propter
611 1980 723 2014 minas
740 1982 775 2015 &
788 1989 936 2015 terrores
945 2003 956 2020 ,
975 1975 1174 2026 simpliciter
1189 1993 1277 2016 con-

387 2028 488 2067 cutit,
504 2030 587 2076 quia
599 2028 767 2078 praeeligit
779 2043 853 2067 non
866 2032 950 2079 pati,
962 2030 1065 2078 quam
1077 2028 1277 2080 simpliciter

371 2074 555 2115 dissentire.
584 2080 771 2130 Distinguo
784 2104 796 2121 ,
815 2093 873 2117 aur
896 2081 1029 2117 tantum
1053 2080 1226 2119 consentit
1237 2085 1274 2119 in

371 2129 482 2164 astum
502 2135 729 2172 exteriorem,
750 2143 788 2168 νε
801 2134 839 2168 in
851 2130 1066 2168 ablutionem
1088 2145 1183 2182 aquae
1192 2145 1272 2169 tan-

371 2178 460 2220 tum,
471 2183 507 2216 δι
517 2181 668 2219 ἀίίϊέηείε
676 2180 813 2219 effe6tui
823 2184 1088 2223 Sacramenti,&
1100 2183 1274 2221 ablutioni

371 2231 548 2274 interiori;
568 2237 604 2269 &
628 2245 712 2270 tunc
724 2234 805 2270 dico
819 2234 915 2284 quod
936 2234 1027 2270 nihil
1049 2237 1197 2284 accipit,
1210 2248 1275 2273 nec

370 2280 626 2319 Sacramentum
640 2309 652 2326 ,
665 2288 746 2333 quia
758 2285 850 2322 idem
862 2286 909 2322 est
920 2286 963 2322 de
973 2290 1065 2327 eo,&
1078 2287 1121 2322 de
1131 2290 1275 2336 permit·

371 2341 466 2377 rente
477 2331 510 2368 se
519 2335 636 2370 iocose
649 2338 808 2387 immergi
820 2339 857 2373 in
870 2349 957 2386 aqua
968 2351 978 2379 ς
990 2350 1062 2373 non
1072 2349 1185 2373 autem
1199 2351 1275 2374 om-

370 2385 425 2417 nis
439 2382 612 2420 immersio
631 2387 667 2421 in
676 2398 765 2434 aqua
775 2387 820 2422 est
832 2386 1043 2435 Baptismus:
1055 2400 1119 2422 nec
1131 2400 1201 2423 rem
1212 2391 1273 2424 Sa-

372 2436 538 2469 cramenti
550 2436 672 2483 recipit
681 2459 690 2475 ‚
704 2438 786 2484 quia
799 2436 951 2484 respestu
961 2437 1055 2472 illius
1067 2435 1231 2477 dissentit,
1240 2443 1276 2474 δε

370 2484 418 2518 ita
431 2483 521 2519 nihil
534 2487 744 2534 recipit,quo
756 2483 964 2522 adscribatur
979 2485 1118 2523 familia:
1131 2487 1276 2531 Christi,

371 2537 407 2570 δι
425 2547 484 2582 per
498 2534 710 2584 consequens
724 2549 796 2572 non
810 2540 930 2587 recipit
945 2537 1173 2574 characterem
1185 2554 1195 2581 3
1209 2552 1274 2575 vn-

372 2584 416 2620 de
429 2585 505 2621 talis
529 2587 613 2622 alias
626 2585 705 2625 esset
728 2587 953 2637 baptizandus
966 2590 1006 2625 ad
1020 2587 1162 2626 salutem
1178 2615 1187 2630 ,
1203 2591 1278 2639 post

371 2634 562 2673 fiel-ionem.
599 2639 635 2675 Si
658 2650 772 2674 autem
794 2651 867 2675 non
887 2639 1021 2675 tantum
1048 2638 1220 2677 consentit
1243 2645 1279 2678 in

373 2688 485 2723 aetum
498 2691 701 2725 exteriorem
715 2701 856 2739 propter
868 2691 953 2727 tales
965 2694 1093 2732 minas,
1103 2696 1138 2729 Gt
1149 2690 1273 2742 flagel-

373 2736 430 2779 la,
448 2738 503 2774 sed
522 2742 625 2775 etiam
650 2744 687 2776 in
709 2738 868 2777 effeaum
901 2743 1113 2778 Sacramenti
1133 2743 1278 2780 interius

373 2786 637 2839 suscipiendum,
646 2789 866 2828 consentiens
879 2795 977 2829 omni
990 2793 1040 2829 illi
1056 2794 1151 2841 quod
1163 2795 1278 2831 Eccle-

374 2837 420 2876 fia
440 2842 589 2878 intendit
603 2841 715 2879 facete
739 2846 828 2879 circa
846 2842 955 2892 ipsum
968 2846 1134 2885 ,interius
1164 2857 1280 2882 tamen

374 2889 584 2933 discredens,
594 2893 649 2930 vel
661 2907 733 2930 non
748 2895 889 2930 credens
902 2894 952 2931 illi
967 2895 1062 2943 quod
1076 2894 1278 2937 faciunt,di—

374 2954 418 2978 co
430 2944 526 2991 quod
549 2947 670 2993 recipit
694 2947 972 2987 Sacramentum,
985 2950 1021 2984 δι
1039 2946 1282 2988 εὶιεεειᾶεῐεπι,

375 2991 455 3030 licet
467 3008 539 3031 non
549 2998 690 3045 recipiat
702 3009 773 3032 rem
790 2996 1012 3043 sacramenti,
1024 3010 1059 3032 vt
1069 3000 1281 3047 gratiamzta-

376 3044 419 3080 lis
436 3048 527 3081 enim
554 3045 751 3096 simpliciter
765 3045 938 3084 consentit
953 3047 1148 3084 voluntarie
1170 3052 1207 3084 in
1228 3049 1281 3085 ef-

378 3094 506 3133 fe&um
521 3099 730 3134 Sacramenti
753 3111 812 3148 per
832 3099 944 3134 aetum
962 3098 1106 3135 liberum
1123 3099 1280 3137 volunta-

378 3150 422 3183 tis
438 3173 449 3188 ,
459 3151 554 3184 cuius
566 3150 660 3185 aetus
673 3150 718 3185 est
732 3150 894 3185 dominus
909 3175 920 3190 ,
943 3163 1006 3186 nec
1027 3149 1176 3199 respe&u
1186 3152 1281 3188 istius

379 3200 488 3247 potest
498 3201 578 3248 cogi
592 3225 603 3240 ,
615 3212 686 3236 non
698 3212 813 3236 tamen
826 3203 945 3249 recipit
956 3204 1195 3250 gratiam,quia
1206 3215 1280 3238 non

379 3250 486 3286 credit
499 3251 753 3287 Sacramentum
770 3256 802 3288 δι
817 3251 1058 3295 thara&erem;
1068 3256 1102 3288 &
1115 3252 1194 3288 ideo
1206 3266 1279 3289 non

379 3301 424 3336 est
437 3300 710 3350 rebaptizandus,
724 3301 778 3338 sed
790 3303 966 3352 cogendus
980 3304 1021 3338 ad
1034 3304 1279 3340 dimittendum

381 3349 568 3388 fifflonem.
591 3353 791 3401 Exemplum
807 3353 907 3388 huius
924 3354 968 3389 est
983 3379 994 3394 ,
1016 3352 1038 3389 fi
1060 3353 1186 3403 aliquis
1207 3367 1280 3391 non

380 3404 521 3439 credens
544 3403 676 3452 aliquid
697 3403 789 3452 posse
811 3402 883 3439 fieri
898 3406 986 3440 eirca
1007 3418 1083 3440 eum
1098 3417 1157 3453 per
1173 3418 1279 3442 artem

379 3456 775 3504 magicam,permitteret
785 3468 932 3503 magum.
948 3468 1061 3491 tamen
1074 3469 1227 3492 exercere
1238 3457 1281 3492 il—

382 3505 449 3541 lam
460 3507 548 3540 circa
561 3518 688 3545 enm,vt
704 3504 858 3541 obtineat
869 3507 964 3555 quod
977 3505 1153 3547 desiderat,
1165 3509 1282 3544 dicens

381 3561 418 3592 in
440 3557 546 3592 corde
570 3554 629 3591 suo
642 3581 652 3595 ,
665 3569 736 3591 non
755 3555 896 3592 confido
912 3561 947 3593 in
972 3558 1060 3598 istis,
1082 3556 1134 3594 scd
1150 3558 1283 3596 valeant

380 3619 548 3655 quantum
563 3607 675 3642 valere
700 3605 833 3656 potsunt
849 3632 859 3647 ,
879 3605 900 3642 si
924 3607 1002 3643 talia
1012 3612 1143 3658 magica
1158 3608 1284 3646 habent

381 3661 544 3694 virtutem
562 3659 599 3693 in
622 3655 654 3693 se
675 3656 847 3694 tribuendi
863 3657 922 3694 fibi
947 3659 1015 3695 hoc
1026 3685 1036 3700 ‚
1062 3661 1158 3707 quod
1173 3672 1284 3709 optat,

381 3707 648 3757 consequeretur
669 3720 729 3757 per
748 3707 842 3744 illam
861 3712 1034 3746 intentum
1056 3707 1150 3747 suurn
1171 3736 1182 3751 ,
1204 3711 1284 3747 licet

381 3773 453 3797 non
479 3759 581 3811 plene
600 3757 820 3795 consentiens
840 3761 883 3795 ei.
910 3764 959 3796 Ita
973 3761 1018 3796 est
1040 3763 1076 3797 in
1096 3760 1285 3813 proposito,

537 3812 619 3846 Scon'
630 3820 709 3860 oper.
720 3810 809 3847 Tam.
822 3812 891 3847 XI.
904 3813 982 3847 Pars
994 3813 1048 3848 11.

2120 143 2250 222 593

1348 243 1444 278 Patet
1457 256 1540 292 ergo
1556 242 1737 292 quomodo
1749 242 1937 292 Baptismus
1949 242 1994 278 est
2006 241 2159 279 hominis
2171 255 2242 279 non

1350 296 1451 329 inuiti
1463 319 1474 335 ‚
1486 300 1520 331 &
1532 294 1625 344 quod
1639 308 1710 330 non
1723 293 1940 331 consentiens
1952 294 2123 330 contrarie}
2135 297 2244 343 potest

1350 349 1498 392 recipere
1512 345 1730 395 Baptismum.

1399 397 1452 431 Ad
1466 400 1612 444 primum
1628 396 1815 445 principale
1826 422 1836 437 ,
1849 395 2030 431 dicendum
2047 395 2139 442 quod
2161 395 2242 430 licet
2339 403 2377 435 9.

1349 445 1538 493 Baptismus
1560 448 1678 496 aliquo
1706 448 1813 483 modo
1833 445 1939 495 posset
1969 447 2037 480 dici
2059 449 2237 480 matrimo-
2270 445 2319 491 Λξί
2338 448 2456 484 primum

1350 498 1447 531 nium
1480 496 1653 547 spirituale
1672 525 1682 539 ‚
1710 499 1868 548 proprius
1896 509 2008 532 tamen
2036 497 2143 544 potest
2172 498 2239 531 dici
2265 487 2421 555 pugeipile.

1349 546 1493 595 adoptio
1508 547 1692 596 spiritualis
1708 575 1717 589 ,
1731 552 1810 598 quia
1837 547 1994 597 paruulus
2012 547 2148 595 proprie
2167 560 2240 582 non
2267 527 2458 597 dititssssssz‘f

1349 599 1459 644 potest
1477 600 1544 634 dici
1562 600 1764 636 contrahere
1782 602 2039 635 matrimonium
2053 610 2132 632 cum
2150 599 2241 637 Deo,
2264 611 2455 650 priospirnu.

1344 650 1426 696 quia
1437 662 1509 685 non
1524 650 1623 687 habet
1637 649 1730 687 vsum
1751 652 1895 687 rationis
1909 674 1919 690 ,
1930 651 1989 697 qui
2004 651 2188 697 requiritur
2199 650 2241 684 ad
2268 649 2308 679 lic.

1350 711 1489 735 omnem
1514 703 1727 738 contractum
1747 727 1758 742 ,
1796 699 1849 737 sed
1877 699 1993 749 potius
2022 701 2205 748 adoptatur
2222 700 2242 734 a

1349 750 1428 784 Deo
1446 753 1482 786 in
1507 750 1615 788 filium
1633 777 1643 793 ,
1663 758 1699 789 ἃ(
1717 756 1752 788 in
1791 753 1979 800 adoptione
2005 747 2128 786 sufficit
2150 749 2240 786 solus

1347 801 1441 836 adius
1462 802 1658 852 adoptantis
1671 829 1682 844 ,
1706 801 1833 840 etiamsi
1861 803 1995 839 nullum
2013 800 2135 836 habeat
2152 802 2238 837 ado·

1348 862 1474 899 pratus.

1398 903 1452 937 Ad
1467 901 1649 940 secundum
1664 929 1673 944 ,
1691 905 1771 940 dico
1793 903 1887 953 quod
1911 902 2041 938 malitia
2055 903 2161 950 potest
2176 901 2239 938 esse
2270 903 2318 931 Ad
2327 901 2456 939 secunda.

1348 954 1384 987 in
1408 955 1564 990 ministro
1585 980 1596 996 ,
1617 955 1820 1004 inquantum
1840 955 1990 989 minister
2004 978 2015 994 ‚
2036 959 2070 990 ἃ
2088 957 2123 988 in
2153 954 2240 989 mal&
2268 949 2456 996 Nmnqui-

1346 1004 1572 1040 ministrando
1596 1006 1853 1042 Sacramentum
1874 1029 1885 1045 ‚
1901 1018 1937 1041 vt
1960 1017 2033 1040 non
2053 1003 2140 1039 bene
2163 1017 2238 1040 cre-
2266 994 2460 1060 xxxxix.

1346 1053 1452 1096 dens,
1476 1056 1528 1092 vel
1543 1069 1616 1092 non
1628 1069 1705 1093 cum
1727 1059 1924 1093 intentione
1945 1070 1954 1092 t
1974 1059 2008 1092 &
2025 1055 2096 1090 haec
2111 1055 2239 1091 malitia
2266 1073 2356 1105 pimu-
2373 1051 2461 1107 5⁸27*

1343 1105 1381 1139 in
1406 1107 1562 1143 ministro
1580 1109 1725 1156 impedit
1751 1110 2006 1144 Sacramentum
2022 1104 2173 1141 conferri
2199 1106 2241 1142 ab
2268 1111 2433 1149 mninstro.

1345 1161 1453 1196 em&
1465 1161 1573 1206 magis
1586 1161 1689 1207 quam
1712 1159 1844 1195 malitia
1864 1162 1971 1195 motis
1990 1160 2025 1193 in
2041 1154 2241 1206 suscipiente

1345 1207 1600 1245 Sacramentum
1616 1234 1627 1250 ‚
1639 1212 1721 1258 quia
1734 1213 1770 1245 in
1796 1208 1869 1259 ipso
1891 1206 2012 1246 sufficit
2038 1221 2108 1243 non
2123 1206 2241 1244 dissen-

1346 1260 1431 1299 tire,
1450 1260 1505 1296 vel
1528 1273 1601 1295 non
1618 1262 1728 1296 inuite
1748 1265 1897 1309 recipere
1916 1257 2110 1296 huiusmodi
2126 1260 2240 1295 Sacra-

1343 1319 1510 1348 mentum.

1393 1360 1470 1411 Alia
1482 1363 1592 1412 potest
1602 1361 1666 1399 esse
1676 1360 1808 1398 malitia
1821 1364 1925 1397 moris
1940 1386 1951 1402 ‚
1963 1363 2043 1409 quia
2061 1362 2150 1396 estin
2163 1372 2241 1410 pec-

1344 1421 1423 1447 cato
1441 1414 1603 1455 mortali,
1615 1417 1651 1450 δε
1675 1413 1830 1449 hoc-non
1851 1413 1995 1463 impedit
2012 1410 2159 1447 conferri
2181 1414 2240 1448 Sa·

1343 1473 1554 1501 eramentum
1565 1488 1577 1504 ,
1600 1467 1683 1514 quia
1697 1476 1770 1500 non
1783 1462 1934 1512 baptizat
1952 1462 2157 1511 inquantum
2176 1462 2241 1498 bo-

1344 1524 1409 1549 nus
1421 1515 1498 1556 ,vel
1513 1514 1623 1551 malus
1644 1515 1780 1565 ptaecise
1791 1529 1800 1556 3
1811 1518 1891 1563 quia
1909 1526 2052 1563 vterque
2075 1511 2163 1549 salua
2181 1516 2235 1549 in-

1341 1569 1499 1603 tentione
1512 1566 1666 1603 Ecclesia
1678 1566 1787 1616 potest
1798 1564 1977 1615 baptizari.
2010 1566 2103 1600 Patet
2119 1566 2162 1600 de
2173 1564 2238 1600 hae-
2276 1567 2459 1617 Sacrami‘eung

1345 1619 1456 1654 rerico
1477 1643 1489 1660 ,
1513 1622 1550 1655 &
1568 1621 1616 1654 ita
1637 1630 1731 1668 patet
1747 1617 1808 1654 illa
1828 1620 1945 1653 minor
1965 1617 2146 1664 quomodo
2166 1629 2237 1652 ma·
2267 1607 2406 1675 ἴσω-[ΜΨ
2436 1619 2458 1636 ⁴

1344 1666 1421 1705 litia
1434 1670 1581 1706 ministri
1594 1670 1740 1719 impedit
1753 1693 1764 1709 ,
1775 1673 1811 1706 &
1823 1669 2004 1717 quomodo
2013 1680 2098 1703 non.
2270 1659 2338 1717 ‘mm'
2350 1658 2383 1684 θ
2395 1660 2457 1679 ''¹“

1396 1722 1451 1757 Ad
1465 1723 1604 1757 tertium
1619 1745 1630 1761 ,
1642 1722 1722 1756 dico
1734 1720 1830 1769 quod
1842 1732 1958 1755 verum
1971 1719 2018 1754 est
2027 1743 2037 1759 ‚
2050 1715 2234 1753 consuetu·
2270 1731 2316 1763 Aa
2338 1734 2459 1763 ,ιω-,η

1345 1772 1463 1809 dinem
1484 1770 1638 1809 Ecclefiae
1661 1770 1747 1812 else,
1765 1770 1898 1807 nullum
1914 1770 2067 1806 adultum
2082 1769 2236 1818 baptiza-

1344 1836 1400 1865 re,
1421 1821 1484 1860 nisi
1496 1822 1698 1873 respondeat
1709 1820 1742 1859 se
1763 1819 1957 1858 consentire
1979 1820 2031 1856 illi
2043 1822 2237 1857 Sacramen-

1346 1887 1407 1916 to,
1431 1874 1454 1911 si
1467 1886 1582 1911 tamen
1607 1873 1758 1913 fureret,
1777 1873 1832 1910 vel
1853 1874 2039 1911 dormiret,
2053 1877 2089 1908 δι
2109 1884 2181 1907 non
2195 1870 2239 1906 sie

1345 1925 1564 1977 responderet
1589 1938 1652 1975 pto
1666 1924 1724 1966 se,
1744 1923 1834 1961 nihil
1857 1924 1972 1959 minus
1999 1925 2161 1971 reciperet
2184 1924 2239 1958 Sa-

1346 1990 1558 2015 cramentum
1571 2000 1582 2017 ,
1593 1975 1616 2012 si
1628 1976 1721 2025 prius
1731 1975 1810 2012 ante
1822 1987 1895 2013 non
1907 1972 2052 2011 diffenfit
2064 1997 2074 2013 ,
2087 1986 2149 2009 nec
2164 1974 2239 2023 post

1344 2042 1425 2067 ante
1454 2042 1530 2066 uam
1541 2027 1753 2077 compleatur
1764 2026 1987 2062 ministerium
1999 2024 2160 2073 Baptismi
2174 2027 2241 2060 cir-

1345 2043 1710 2131 eaipsum,intereidit
1730 2081 1767 2114 in
1787 2075 1862 2127 ipso
1883 2072 2062 2120 dissensus,
2081 2080 2114 2113 &
2127 2087 2241 2112 motus

1346 2135 1526 2170 contratiae
1538 2131 1741 2168 voluntatis.

1398 2184 1499 2220 Vnde
1531 2180 1591 2219 etsi
1607 2180 1755 2218 Ecclesia
1777 2193 1851 2216 non
1866 2178 2056 2228 baptizaret
2076 2176 2243 2217 adultum,

1346 2233 1409 2271 nisi
1425 2233 1627 2285 respondeat
1646 2245 1709 2282 pto
1729 2231 1762 2268 se
1775 2243 1909 2272 ,tamen
1933 2229 1955 2265 si
1977 2228 2102 2265 faceret
2123 2229 2241 2263 inistis

1343 2284 1471 2323 casibus
1481 2312 1492 2328 ‚
1503 2290 1540 2323 &
1552 2283 1786 2322 consimilibus
1800 2308 1811 2325 ,
1821 2282 1948 2318 sakkum
1960 2278 2039 2316 effer
2050 2305 2061 2321 ,
2070 2284 2104 2316 &
2119 2282 2242 2328 recipe-

1345 2350 1394 2373 ret
1406 2339 1674 2375 Sacramentum.

1398 2386 1452 2422 Ad
1467 2387 1579 2425 aliud,
1604 2385 1787 2420 dicendum
1802 2381 1929 2432 quodfi
1946 2381 2080 2418 adultus
2090 2380 2241 2431 baptiza·
2271 2390 2458 2431 Adqumum,

1346 2448 1402 2473 tus
1427 2438 1470 2472 de
1493 2436 1588 2472 ἱειᾶο
1618 2446 1743 2471 voueat
1776 2439 1976 2470 renunciare
2001 2432 2155 2468 Diabolo
2172 2457 2183 2472 ,
2204 2438 2240 2469 δε

1345 2491 1481 2537 pompis
1494 2491 1566 2523 eius
1578 2513 1589 2528 ,
1609 2499 1682 2522 non
1705 2498 1818 2521 tamen
1830 2487 1877 2520 est
1890 2485 1975 2521 illud
1995 2496 2115 2520 votum
2138 2488 2179 2519 de
2192 2482 2241 2519 es-

1344 2538 1451 2575 sentia
1466 2565 1476 2579 ,
1497 2539 1550 2574 vel
1571 2535 1764 2574 neccsfitatc
1787 2538 1994 2572 Sacramenti
2016 2560 2027 2575 ‚
2053 2532 2108 2570 sed
2133 2538 2238 2583 perti-

1346 2592 1434 2627 tinet
1447 2589 1581 2625 tantum
1594 2590 1635 2625 ad
1648 2591 1719 2624 eius
1738 2586 1999 2623 solemnitatem.
2025 2587 2136 2622 Potest
2148 2590 2239 2621 enim

1345 2639 1535 2692 Baptismus
1559 2638 1629 2676 fine
1649 2639 1708 2675 tali
1728 2651 1814 2674 voto
1838 2641 1996 2674 exteriori
2010 2637 2161 2674 conferri
2177 2662 2186 2677 ,
2199 2638 2240 2672 li-

1345 2693 1400 2728 cet
1426 2690 1575 2740 quilibet
1605 2691 1797 2740 baptizatus
1829 2701 1984 2725 teneatur
2025 2688 2167 2725 interius
2198 2689 2240 2724 ad

1346 2742 1448 2780 fidem
1460 2740 1616 2779 Ecclesia:
1624 2741 1766 2778 firmiter
1779 2737 2034 2777 obseruandam.

1961 2868 2238 2884 ὼ..-

1517 2915 1915 2977 Qvffisrto
1988 2914 2044 2960 V.

1346 3008 1496 3060 Vtriam
1528 3007 1691 3057 adultus
1714 3006 1839 3071 fibJus
1871 3009 2031 3075 recipiat
2064 3005 2242 3073 efflsi‘um

1655 3084 1934 3130 sacramenti?

1348 3191 1472 3227 Alenss4.
1479 3189 1804 3229 pon.quast.18.rumbro
1819 3202 1843 3220 ι.
1854 3198 1907 3220 nn.
1923 3201 1947 3219 ι.
1959 3188 1993 3224 ό*
2004 3201 2030 3220 2.
2042 3192 2077 3221 D.
2088 3193 2240 3220 Bonauenr.

1389 3232 1437 3263 hie
1448 3243 1475 3264 ι.
1487 3232 1714 3271 parm-qualia.
1726 3232 1861 3263 Richard.
1870 3241 1924 3261 art.
1940 3243 1963 3262 1.
1976 3232 2092 3270 quasia..
2110 3234 2145 3260 D.
2157 3232 2241 3261 ‘fho—

1392 3284 1452 3304 mas
1464 3285 1490 3310 3.
1499 3281 1570 3311 pan.
1581 3274 1664 3313 quast.
1675 3281 1723 3309 69.
1733 3283 1786 3304 an.
1797 3286 1826 3310 9.
1838 3273 1966 3313 Vasqucz
1977 3285 2002 3310 3.
2016 3281 2088 3312 part.
2101 3274 2161 3315 disp.
2176 3278 2241 3311 158.

1386 3318 1487 3345 Scotus
1496 3317 1526 3344 in
1536 3313 1672 3344 oxomhie
1681 3315 1795 3355 quostq-

1490 3408 1514 3442 Ε
1530 3420 1549 3442 c
1564 3407 1683 3443 νκυὸ
1706 3420 1821 3456 quaero
1843 3408 1885 3443 de
1905 3407 2024 3444 adulto
2045 3410 2080 3442 in
2102 3420 2241 3456 compa·
2358 3428 2389 3457 χ,

1395 3491 1418 3504 Χ,
1441 3469 1466 3517 ³3
1490 3461 1623 3495 ratione
1645 3459 1687 3494 ab
1718 3456 1926 3505 Baptismum
1943 3484 1954 3500 ,
1983 3455 2089 3493 veriam
2121 3458 2243 3492 adultus

1349 3515 1411 3534 ⁸³⁴·—
1446 3504 1450 3508 ’
1477 3509 1573 3555 fiilia
1591 3512 1720 3558 recipiat
1735 3509 1868 3556 effislum
1878 3512 2069 3545 Sacramenta·
2077 3512 2246 3558 Baptismi?

1402 3563 1566 3608 Arguitur
1587 3561 1680 3610 quod
1700 3560 1767 3602 sic,
1784 3562 1825 3597 ad
1847 3560 1922 3597 Gal.
1945 3574 1973 3604 3.
1994 3565 2150 3608 Qotquoe
2173 3562 2246 3595 estis
2283 3567 2462 3601 Argum-eum

1351 3610 1507 3659 baptizati
1523 3637 1534 3651 ,
1551 3611 1712 3646 Christum
1736 3612 1897 3647 induistis:
1915 3610 1970 3647 sed
1995 3612 2153 3647 Christus
2173 3625 2245 3647 non
2270 3607 2396 3644 P'ffmm·

1360 3664 1451 3698 estin
1463 3662 1581 3709 aliquo
1598 3675 1633 3699 vt
1646 3664 1885 3700 indumentum
1897 3667 1931 3699 in
1948 3663 2084 3703 induto,
2100 3660 2167 3698 fine
2178 3676 2250 3711 gra-

1355 3717 1403 3750 tia
1415 3729 1424 3755 3
1436 3726 1532 3762 ergo,
1545 3718 1612 3750 ὅτε.

1407 3767 1493 3801 Item
1509 3790 1520 3806 ,
1539 3763 1562 3800 fi
1587 3763 1684 3801 sistus
1697 3763 1895 3814 baptizatus!
1913 3776 1986 3799 non
2011 3765 2151 3812 recipiat
2174 3776 2250 3813 gra-
2279 3766 2438 3798 secundun,

2155 3827 2250 3858 (lanu
