2736 4042
343 1340 440 1374 xmus
464 1339 501 1382 ιβ

311 1380 430 1422 ebriosae.

312 1824 395 1862 Runa
417 1825 501 1854 mini·

306 1869 360 1912 stri
394 1867 503 1898 mulitia

312 1909 398 1948 obstat
410 1907 504 1936 valoti

312 1951 477 1983 Sci-rumenti

313 1992 421 2035 ,unuh
437 1988 507 2027 adst!

312 2043 386 2065 vora
409 2033 499 2064 inten-

312 2077 361 2111 tio.

313 2113 501 2155 Probaturprr'-

313 2155 368 2192 ιι).

314 2367 442 2403 secund).

513 116 655 220 598

523 233 677 335 Ξέἶῗω
697 241 823 275 erA
843 236 911 272 hoc
957 237 1093 271 uaetitur
1115 232 1183 269 fine
1195 231 1421 280 argumentis,

545 288 587 337 '5⁵2²
618 264 677 367 ‘2⁴³5
699 288 792 337 quod
811 287 865 337 alij
886 249 1036 323 diffinitus
1056 284 1341 333 proponuuttAn
1354 280 1416 315 ali-

524 330 582 354 ⁸‘'‘⁸’'
617 328 660 362 Ψ
801 338 916 373 debeat
947 336 1132 371 ministrare
1164 336 1416 369 Sacramentum

523 346 676 384 itm
699 343 774 388 quis

522 395 682 442 Baptilmi
708 414 718 430 ‚
747 389 884 436 quando
915 385 1122 436 ptaesumitur
1149 385 1417 432 baptizationem

523 434 660 491 v⁸etgere
683 444 718 476 in
740 438 925 487 periculum
949 440 1026 474 vitae
1039 437 1227 485 corporalis
1244 437 1316 469 eius
1328 456 1340 473 ‚
1354 433 1415 479 qui

525 493 619 531 illam
632 489 776 539 suscipit,

718 589 742 632 S
771 588 809 631 C
833 589 872 631 H
899 589 940 630 O
966 589 999 630 L
1022 588 1040 629 I
1064 587 1100 629 V
1124 585 1174 626 M
1239 586 1270 626 I.

575 690 769 729 malitiam
784 690 920 723 ministri
931 699 990 722 non
1013 683 1158 735 impedire
1176 682 1313 718 valorem
1331 707 1342 723 ,
1364 680 1417 716 vel

525 753 542 776 e
561 743 655 774 cetum
675 741 862 774 Smamemi
872 765 882 779 ,
894 736 977 773 mode
990 746 1144 786 ponantur
1153 736 1301 774 materia,
1310 731 1416 771 verba,

526 793 566 830 ά·
583 793 719 826 intentio.
735 793 785 825 lea
805 801 902 824 omnes
922 790 1010 824 citata·
1023 787 1122 835 quast.
1140 799 1169 822 r.
1189 783 1265 820 Vide
1272 785 1306 818 in
1314 784 1417 818 Oxon.

526 841 679 878 scholium
689 836 738 875 hic
745 840 837 889 quast.
847 854 870 874 i.

531 942 660 1033 AD
674 943 816 990 primam
834 941 1054 990 quaestionem
1078 937 1158 973 dico
1173 960 1183 976 ,
1200 933 1294 983 quod
1306 934 1418 970 Sacra·

630 1004 781 1027 mentum
796 992 903 1040 potest
914 990 1064 1027 conferri
1077 990 1096 1024 a
1109 987 1250 1026 malm&
1262 986 1280 1020 ‘a
1298 997 1417 1033 pecca-

529 1053 615 1082 tore,
630 1042 696 1078 fiue
708 1055 822 1091 peccet
833 1045 869 1078 in
881 1040 1102 1077 ministrando
1115 1040 1420 1077 Sacramentum&

529 1093 659 1128 dicatur
679 1093 786 1128 malus
802 1117 812 1132 ,
832 1104 970 1142 propter
993 1101 1167 1140 peccatum
1181 1110 1192 1128 2
1213 1087 1306 1135 quod
1319 1085 1420 1122 habet

529 1143 722 1185 afilualireu
746 1141 813 1179 fiue
833 1155 970 1192 propter
986 1153 1161 1190 peccatum
1182 1163 1193 1179 ‚
1217 1137 1311 1186 quod
1329 1135 1420 1186 prius

529 1193 698 1230 commitit
710 1218 720 1234 ‚
739 1195 869 1229 dicatur
883 1193 1000 1228 malus.
1026 1194 1106 1227 Hoc
1127 1200 1263 1239 apparet
1278 1190 1422 1224 auetori-

529 1254 597 1279 tate
610 1244 786 1294 Augustini
799 1268 810 1284 ‚
822 1249 856 1281 δε
870 1247 1008 1292 ponitur
1020 1246 1054 1278 in
1067 1242 1164 1278 litera
1174 1241 1268 1276 aaa.
1282 1252 1311 1284 ς.
1325 1236 1422 1289 super

530 1296 680 1335 Ioanne,
703 1301 737 1331 &
750 1295 791 1330 de
817 1293 980 1330 Consecr.
1001 1294 1074 1329 dist.
1092 1305 1124 1334 4.
1146 1303 1217 1339 cap.
1238 1290 1424 1339 Baptismus.

530 1345 608 1379 Non
633 1347 723 1380 timeo
747 1342 891 1391 ebriosiem
912 1370 923 1386 ‚
944 1346 1009 1382 ώτ.
1045 1342 1108 1378 Sed
1126 1341 1249 1376 accedat
1276 1340 1420 1376 columba.

529 1394 689 1432 Ebriosus
703 1408 774 1432 non
785 1396 830 1432 est
842 1395 1015 1432 actualiter
1026 1394 1152 1434 ebrius,
1166 1396 1246 1442 quia
1256 1391 1332 1427 cum
1345 1390 1422 1427 fim-

553 1446 662 1483 liciter
684 1446 796 1483 ebrius
818 1460 890 1482 non
911 1457 1022 1482 vtatut
1043 1447 1175 1481 ratione
1189 1467 1199 1482 ,
1219 1454 1291 1477 non
1311 1442 1422 1490 potest

528 1458 598 1533 ¹stoc
608 1499 861 1544 Sacramentum
885 1497 1071 1532 ministrare
1083 1521 1093 1536 ,
1111 1497 1189 1543 quia
1199 1491 1422 1539 requiritfieri

529 1559 606 1583 cum
632 1552 825 1585 intentione
844 1549 932 1584 reeta
946 1572 956 1587 ,
968 1559 1067 1596 quain
1091 1556 1165 1580 non
1185 1542 1285 1578 habet
1299 1542 1424 1581 ebrius.

528 1597 690 1635 Ebriosus
712 1611 824 1635 autem
847 1599 969 1635 dicitur
993 1596 1116 1634 habere
1139 1590 1421 1630 cousuetudinem

529 1648 689 1685 inebriari
711 1675 722 1691 ,
756 1654 791 1686 &
811 1649 887 1685 talis
911 1646 1122 1684 consuetudo
1147 1645 1188 1681 ad
1209 1644 1422 1685 ebrietatem,

529 1698 719 1736 dummodo
734 1713 805 1736 non
825 1698 863 1736 fit
881 1701 956 1735 aelu
969 1697 1080 1734 ebrius
1094 1722 1106 1738 ,
1116 1708 1187 1732 non
1197 1693 1298 1731 debet
1309 1698 1422 1731 timeri

530 1754 615 1798 quin
630 1749 785 1787 conferat
799 1752 1069 1786 Sacramentum.

582 1805 680 1841 item,
692 1801 758 1837 hoc
768 1799 929 1851 probatur
943 1812 1000 1849 per
1010 1801 1177 1835 rationem
1191 1795 1426 1846 supradictam,

531 1849 549 1886 ὲ
559 1849 653 1888 causa
665 1849 834 1889 efficiente
854 1850 914 1887 fic:
928 1851 1084 1887 Christus
1103 1861 1174 1884 non
1184 1850 1330 1884 instituit
1342 1845 1423 1884 effe-

533 1903 624 1938 &um
647 1902 796 1939 conferri
820 1905 944 1938 virtute
965 1904 1164 1938 meritorum
1191 1899 1425 1940 ministrantis,

535 1951 589 1989 sed
599 1957 724 1990 virtute
742 1955 950 1990 Sacramenti
963 1978 973 1993 ,
990 1957 1044 1988 cui
1062 1954 1154 1988 Deus
1177 1947 1422 1986 efficienteras-

535 2001 615 2040 fistit
622 2004 666 2040 ad
680 2004 899 2055 ptaestandum
911 2004 1004 2052 quod
1020 2001 1183 2052 defigunt,
1198 2013 1270 2036 non
1281 2012 1363 2048 ergo
1373 2013 1425 2036 re-

535 2057 680 2104 quiritur
703 2053 881 2091 necelsarie
895 2059 935 2090 ad
944 2056 1196 2091 Sacramentum
1206 2077 1217 2092 ,
1232 2050 1286 2087 vel
1299 2052 1340 2087 ad
1353 2053 1425 2087 cius

534 2103 693 2143 effectum
723 2105 834 2142 bonus
856 2118 971 2142 motus
989 2103 1179 2140 voluntatis
1203 2102 1425 2138 ministrantis

534 2158 575 2193 ad
589 2156 657 2192 hoc
673 2169 708 2193 vt
725 2154 919 2192 conferatur
931 2181 942 2196 ‚
963 2154 1017 2192 sed
1040 2151 1161 2190 sufficit
1182 2153 1276 2202 qued
1302 2165 1373 2188 non
1385 2150 1425 2188 fit

533 2206 622 2243 obex
635 2210 810 2243 contraria
826 2205 1014 2243 voluntatis
1028 2208 1064 2240 in
1077 2218 1133 2243 eo.
1147 2202 1200 2239 sed
1211 2203 1303 2253 quod
1315 2206 1424 2238 inten-

533 2258 590 2293 dat
611 2256 780 2307 baptizare
803 2255 983 2295 secundum
1001 2256 1156 2292 ordinem
1168 2279 1179 2295 ,
1191 2260 1224 2292 δι
1240 2258 1341 2290 ritum
1356 2255 1423 2290 Ee-

534 2307 651 2346 clefiae.

580 2362 660 2396 Hoc
683 2358 828 2396 secunde
849 2357 1011 2409 probatur
1026 2371 1084 2408 per
1098 2358 1266 2394 rationem
1279 2353 1426 2404 supradi-

532 2410 620 2446 &am
632 2424 671 2447 ex
683 2410 976 2455 fine.Sacramenra
987 2410 1204 2445 instituuntur
1215 2408 1335 2442 eodem
1350 2419 1423 2442 mo-

532 2462 580 2496 do
593 2486 604 2502 ‚
614 2475 684 2510 qno
699 2464 805 2509 magis
828 2472 1021 2508 congruunt
1034 2460 1074 2495 ad
1088 2459 1227 2495 salutem
1242 2459 1425 2499 viatorum3

535 2509 591 2548 sed
602 2511 624 2548 fi
644 2513 892 2548 Sacramentum
905 2514 950 2546 Ba
976 2508 1066 2546 tismi
1079 2523 1150 2546 non
1164 2506 1269 2558 posset
1283 2506 1418 2544 confer-

534 2565 577 2603 ri,
590 2562 650 2598 nifi
662 2563 680 2598 ὲ
693 2563 786 2599 bono
799 2589 809 2603 ,
824 2575 895 2598 non
906 2525 984 2598 ell‘et
997 2562 1187 2597 institutum
1208 2562 1244 2594 in
1263 2559 1425 2595 auxilinm

535 2616 705 2650 viatorum
720 2638 730 2654 ,
743 2611 797 2650 sed
815 2616 851 2648 in
875 2625 1035 2662 magnum
1046 2612 1294 2648 'detrimentum
1310 2607 1424 2645 salutis

535 2677 652 2701 eorum
664 2689 674 2704 ,
686 2667 766 2712 quia
776 2676 815 2699 ex
826 2677 897 2712 quo
908 2663 1019 2700 nullus
1041 2662 1149 2712 potest
1170 2658 1233 2697 esse
1255 2672 1363 2696 cerrus
1383 2661 1425 2696 de

535 2713 640 2752 salute
654 2713 719 2756 sua,
733 2715 842 2751 multe
855 2718 962 2764 magis
981 2727 1051 2750 non
1065 2713 1174 2762 potest
1187 2709 1251 2747 effe
1260 2722 1370 2747 certus
1381 2712 1423 2747 de

535 2765 654 2814 aliquo
675 2765 743 2800 alio
758 2790 767 2804 ‚
781 2778 822 2801 an
842 2763 879 2801 fir
894 2769 929 2800 in
942 2767 997 2800 via
1016 2763 1130 2800 salutis
1142 2788 1152 2804 ,
1173 2763 1226 2798 vel
1241 2774 1333 2798 non:
1349 2761 1420 2797 imo

534 2816 614 2854 licet
653 2815 776 2865 aliquis
816 2814 919 2865 polset
949 2815 991 2851 ali
1021 2815 1141 2851 ualitet
1168 2811 1306 2849 habere.
1323 2815 1424 2848 certi-

536 2869 692 2904 tudinem
712 2867 753 2902 de
774 2865 825 2906 se,
845 2866 938 2916 quod
961 2828 1038 2902 elset
1060 2870 1095 2901 in
1119 2867 1174 2900 via
1197 2862 1333 2904 salutis,
1351 2876 1424 2899 non

535 2928 650 2954 tamen
678 2917 784 2965 petest
813 2915 857 2952 fic
885 2915 948 2953 effi:
973 2929 1082 2952 certus
1116 2916 1158 2951 de
1181 2914 1333 2950 ministro
1356 2939 1366 2955 ‚
1387 2919 1423 2952 &

536 2980 596 3017 per
618 2966 827 3015 consequens
850 2966 872 3002 fi
900 2967 1034 3003 bonitas
1065 2967 1208 3002 ministri
1244 2963 1423 3001 necellarie

536 3021 763 3067 requireretur
784 3043 794 3058 ,
816 3017 891 3053 ciim
926 3031 997 3052 non
1021 3015 1126 3066 posset
1155 3017 1218 3053 esse
1239 3028 1350 3052 cerrus
1381 3016 1423 3052 de

536 3082 597 3110 ea,
622 3065 762 3109 nesciret
786 3068 923 3117 quando
945 3067 1022 3105 effer
1035 3067 1245 3118 baptizatus,
1260 3071 1294 3103 ὃς
1311 3079 1420 3115 quan—

537 3121 584 3156 do
599 3133 681 3156 non.

586 3173 669 3206 Item
681 3194 691 3210 ,
701 3168 721 3204 fi
735 3168 841 3205 malus
855 3183 925 3205 non
939 3166 1042 3219 posset
1056 3167 1213 3205 conferre
1225 3169 1420 3204 Sacramen-

535 3232 607 3257 tum
622 3219 794 3269 Baptismi,
807 3222 1021 3269 impediretur
1035 3217 1131 3260 salus,
1141 3224 1174 3255 &
1188 3222 1296 3267 gratia
1304 3217 1422 3254 confe-

534 3272 638 3309 tenda
652 3284 709 3320 per
722 3270 828 3319 ipsum
842 3296 852 3310 ,
877 3284 1013 3320 propter
1027 3274 1096 3306 eius
1116 3274 1322 3317 impietatem
1333 3293 1344 3309 ,
1357 3267 1424 3305 fine

535 3322 634 3371 culpa
657 3320 864 3371 suscipientis
876 3347 886 3361 ,
907 3322 1000 3371 quod
1015 3324 1149 3356 videtur
1162 3322 1307 3355 omniuo
1329 3322 1419 3356 iniu-

538 3374 638 3410 stum.

587 3420 841 3471 Consequentia
868 3433 959 3470 paret
977 3446 988 3462 ‚
1010 3424 1090 3471 quia
1116 3420 1138 3457 fi
1160 3421 1242 3460 iste,
1263 3422 1322 3467 qui
1350 3419 1422 3456 vult

533 3472 697 3523 baptizari
713 3486 804 3512 ,non
823 3474 930 3520 potest
949 3471 1007 3508 fibi
1029 3473 1205 3508 ministrari
1218 3471 1352 3510 {malm
1365 3471 1423 3506 iste

533 3537 623 3562 caret
637 3525 743 3573 gratia
756 3521 945 3572 Baptismali
962 3522 1027 3558 fine
1041 3522 1136 3572 culpa
1150 3520 1203 3557 sua
1214 3546 1223 3561 ‚
1236 3522 1328 3556 Deus
1340 3534 1423 3570 ergo

536 3575 648 3611 statuit
671 3577 920 3611 Sacramentum
946 3571 1008 3609 eise
1030 3573 1095 3608 tale
1116 3571 1268 3621 fignum‘,
1291 3571 1384 3619 quod
1404 3573 1423 3607 ὲ

536 3624 691 3674 quolibet
719 3625 871 3660 ministro
892 3637 906 3665 ,⁴
928 3622 994 3660 fiue
1014 3626 1031 3659 a
1055 3624 1149 3659 bono
1164 3648 1173 3663 ‚
1201 3620 1267 3656 fiue
1293 3621 1310 3656 ὲ
1332 3622 1423 3658 malo

535 3674 707 3723 aequaliter
723 3672 824 3724 posset
841 3676 933 3714 dari,
948 3678 982 3711 δι
1001 3677 1054 3710 cui
1084 3672 1152 3722 ipse
1166 3672 1358 3708 immediate
1372 3671 1421 3707 as-

537 3724 658 3765 fisteret
680 3725 721 3763 ad
742 3725 987 3766 conferendum
1008 3724 1194 3778 lignatum,
1215 3728 1248 3760 &
1266 3719 1423 3760 effectum

981 96 1344 187 Lib.1V.
1396 95 1827 181 Distinfiio
1863 96 1975 185 V.

1484 230 1556 263 eius
1569 252 1579 267 ‚
1596 226 1722 265 scilicet
1734 234 1891 279 gratiam,
1902 232 1996 281 quod
2009 224 2128 281 ligna,
2140 231 2158 268 ὲ
2170 240 2377 284 quocunque

1486 280 1694 315 conferatur.

1536 330 1589 363 Ad
1601 342 1744 377 primurn
1760 332 1839 367 dico
1853 357 1862 371 ,
1874 333 1968 380 qued
1981 331 2125 381 perfidus
2139 338 2171 369 δι
2187 333 2377 375 haereticus,
2463 344 2502 380 4.

1487 377 1529 412 de
1556 389 1680 426 quibus
1709 381 1862 430 loquitur
1889 382 2085 419 Ambrosius
2112 409 2124 424 ‚
2148 396 2203 419 aut
2226 384 2374 432 baptizat
2424 387 2471 415 Ad
2487 394 2592 424 emm·

1485 429 1637 464 adultum
1649 454 1659 469 ‚
1674 442 1708 465 vr
1723 430 1823 467 faciat
1835 431 1983 469 eumeffe
1996 434 2208 481 discipulum,
2221 440 2248 471 δι
2268 436 2372 471 h-ere-
2401 433 2517 464 ''⁴⁸¹⁸''

1486 489 1606 562 tslcum.
1619 479 1698 516 licut
1709 484 1777 531 iple
1789 484 1835 518 est
1848 507 1858 524 ,
1869 488 1901 520 δι
1914 496 1995 520 tunc
2007 484 2131 532 polluit
2143 497 2220 520 eum
2233 510 2244 526 ‚
2258 490 2291 522 &
2304 499 2376 522 nou
2403 468 2486 509 ²¹⁴⁴st·
2497 477 2523 499 ¹·

1502 541 1591 565 anat.

1538 580 1574 614 Si
1596 580 1877 635 amembaptizet
1899 583 2074 632 paruulum
2097 584 2276 621 secundem
2299 583 2375 622 sot-

1488 640 1578 663 mam
1603 631 1756 667 Eccleuae
1776 658 1787 672 ‚
1814 634 1892 668 dico
1915 636 2009 682 quod
2034 636 2093 670 iste
2114 634 2159 670 est
2182 633 2379 685 {impliciter

1485 677 1728 727 baPKlZdlUS,ln
1740 694 1871 719 tantum
1881 685 1973 732 qllbd
1986 683 2008 720 fi
2021 688 2379 726 ‘unc'anKel'etlsssssta-

1489 732 1550 764 tim
1572 731 1722 768 euolarer
1746 736 1782 768 in
1802 734 1950 775 coelum,
1977 733 2032 771 sed
2055 733 2076 770 fi
2095 735 2253 784 paruulus
2270 736 2313 772 fic
2336 737 2378 772 ab

1485 790 1527 813 eo
1551 779 1740 828 baptizatus
1773 783 1979 821 consentiret
2001 786 2075 833 post
2095 790 2131 821 in
2154 797 2250 822 aetare
2277 787 2376 823 adul-

1488 839 1521 864 ta
1534 830 1694 878 operibus
1716 833 1864 870 haeretici
1878 860 1888 876 ,
1907 841 1941 873 &
1963 835 2057 872 fleret
2083 835 2258 872 haereticus
2273 863 2284 878 ,
2297 837 2376 886 pol-

1487 878 1636 916 lueretur
1656 881 1764 935 abeo
1777 908 1787 924 ,
1800 888 1880 932 quia
1907 898 2057 934 peccaret
2087 887 2275 923 mortaliter
2297 900 2381 923 con·

1488 927 1666 968 sentiendo
1684 937 1714 969 ei
1727 959 1738 975 ,
1758 932 1813 971 sed
1834 949 1906 972 non
1925 936 2036 973 minus
2057 936 2148 985 prius
2172 935 2249 973 effer
2263 936 2376 986 bapti-

1492 992 1598 1018 zatuS.

1540 1032 1593 1067 Ad
1605 1031 1708 1074 aliud,
1719 1035 1795 1072 cum
1808 1037 1932 1074 dicitur
1944 1036 2037 1087 qued
2049 1036 2236 1074 membrum
2249 1038 2379 1074 aridum
2409 1038 2598 1077 adsunam.

1490 1093 1562 1139 non
1583 1085 1692 1131 potest
1714 1085 1778 1123 eise
1803 1088 1953 1124 medium
1973 1087 2137 1124 influendi
2164 1093 2268 1125 vitam
2288 1088 2377 1131 aliis;
2408 1082 2502 1127 Aliter
2533 1085 2600 1128 Ψ*

1490 1132 1569 1168 dico
1579 1135 1674 1182 quod
1688 1149 1802 1174 verum
1816 1139 1861 1174 est
1877 1164 1886 1178 ,
1897 1144 1929 1176 ὁ(
1944 1142 2031 1175 ratio
2044 1140 2090 1175 est
2103 1164 2112 1179 ,
2122 1141 2203 1187 quia
2214 1142 2250 1175 in
2261 1143 2374 1175 omni·
2406 1122 2547 1150 ‘mum'
2569 1130 2600 1151 ⁸⁵

1490 1180 1552 1241 bus
1577 1185 1739 1223 membris
1761 1187 1798 1225 fit
1820 1191 1935 1226 eadem
1947 1193 2016 1226 vita
2029 1216 2038 1230 ,
2050 1194 2084 1227 ὁ(
2097 1190 2174 1226 ideo
2190 1189 2379 1226 membrum
2402 1170 2602 1243 [ιιᾘζζὸῖζ

1489 1232 1635 1270 influens
1649 1240 1752 1273 vitam
1763 1263 1774 1280 ,
1785 1252 1922 1289 oportet
1933 1241 2027 1290 qued
2039 1243 2074 1276 in
2085 1239 2118 1276 se
2131 1239 2251 1276 habeat
2262 1244 2381 1282 vitam,
2409 1245 2543 1275 murali.

1492 1284 1545 1319 vel
1557 1287 1652 1332 qued
1660 1286 1699 1322 fir
1710 1294 1942 1339 propinquum
1952 1293 2067 1327 medio
2087 1289 2250 1328 influendt
2261 1293 2384 1332 vitam,

1490 1335 1632 1369 vteordi
1643 1360 1653 1374 ‚
1665 1339 1760 1385 quod
1776 1340 1821 1374 est
1834 1345 2039 1388 principium
2053 1346 2140 1378 virae.
2165 1342 2230 1377 Sed
2249 1354 2320 1377 non
2336 1343 2382 1378 est

1491 1381 1534 1419 fic
1547 1386 1584 1419 in
1591 1386 1768 1435 proposito
1787 1390 1829 1425 de
1848 1392 1917 1426 vira
1927 1392 2052 1439 gratia.
2082 1392 2167 1426 Non
2179 1395 2269 1426 enim
2280 1403 2382 1439 opot-

1492 1445 1540 1469 tet
1551 1436 1591 1470 ad
1604 1436 1672 1473 hoc
1688 1464 1697 1478 ‚
1713 1440 1807 1487 quod
1825 1440 1974 1476 minister
1985 1439 2139 1476 conferat
2164 1439 2383 1488 Baptismum,

1491 1486 1533 1521 ad
1546 1498 1646 1534 quem
1669 1487 1817 1539 sequitur
1838 1494 1909 1527 vita
1927 1494 2042 1541 gratiae
2057 1517 2066 1531 ,
2080 1491 2173 1540 quod
2195 1489 2232 1526 fit
2245 1494 2384 1539 propin·

1491 1539 1593 1584 quior
1604 1536 1697 1576 fonti
1712 1565 1723 1582 ‚
1743 1541 1795 1577 vel
1812 1542 1927 1578 medio
1946 1540 2112 1578 influendi
2137 1541 2238 1577 talem
2265 1543 2384 1584 vitam,

1492 1588 1615 1624 ereo
1627 1614 1638 1630 ,
1650 1590 1710 1626 nili
1736 1589 1845 1628 solum
1866 1596 1902 1628 in
1917 1590 2035 1629 officio
2054 1589 2114 1628 suo
2127 1617 2137 1632 ‚
2157 1604 2229 1640 quo
2248 1591 2385 1629 confert

1491 1637 1635 1687 aliquid,
1650 1643 1743 1690 quod
1755 1644 1799 1679 est
1808 1642 1938 1692 [ignum
1951 1640 2067 1679 efficax
2081 1643 2157 1679 talis
2169 1645 2247 1678 virae
2258 1646 2384 1691 gratio-

1493 1686 1556 1776 saefli
1564 1702 1626 1727 nec
1638 1696 1684 1729 est
1699 1694 1815 1731 eadem
1829 1697 1947 1731 vitain
1958 1706 2013 1735 eo,
2023 1706 2097 1743 quae
2109 1696 2145 1730 in
2158 1695 2235 1730 Deo
2247 1717 2260 1734 .
2272 1692 2334 1729 nifi
2346 1696 2383 1730 in

1495 1752 1518 1776 ο
1558 1754 1625 1778 cio.

1545 1793 1598 1828 Ad
1618 1792 1728 1833 aliud,
1748 1794 1828 1831 dico
1850 1795 1943 1845 qued
1962 1798 1996 1832 in
2018 1808 2103 1845 aqua
2117 1807 2188 1831 non
2210 1795 2256 1830 est
2270 1794 2383 1844 aliqua

1489 1839 1659 1883 sanetius,
1673 1857 1734 1881 nec
1743 1845 1872 1895 aliquid
1887 1845 2147 1896 supernaturale,
2161 1847 2239 1894 quia
2251 1858 2322 1881 non
2337 1847 2382 1882 est

1490 1890 1675 1930 subiectum
1687 1908 1787 1945 capax
1799 1897 1874 1933 talis
1889 1894 2005 1933 formae
2018 1911 2027 1939 3
2039 1895 2092 1934 sed
2102 1897 2169 1933 hoc
2181 1908 2292 1932 toturn
2302 1909 2383 1944 aqua

1494 1956 1560 1978 cum
1574 1944 1680 1986 verbo,
1691 1948 1737 1982 est
1750 1961 1853 1984 vnum
1867 1946 1995 1997 fignum
2009 1947 2245 1988 sanctitatis&
2257 1952 2383 1996 gratiae,

1492 2008 1563 2044 quo
1576 2000 1688 2032 anima
1696 1996 1734 2033 fit
1748 1996 1858 2035 sancta
1869 2024 1879 2039 ‚
1894 2003 1948 2035 cui
1962 1997 2057 2048 figno
2075 2001 2167 2035 Deus
2190 1999 2382 2035 immediate

1495 2045 1640 2083 assistens
1652 2048 1706 2083 dat
1719 2053 1860 2098 gratiam
1872 2074 1881 2090 ‚
1894 2063 1994 2096 quam
2009 2048 2171 2098 defignar.

1542 2099 1595 2133 Ad
1605 2098 1712 2139 aliud,
1724 2101 1803 2135 dico
1816 2100 1909 2148 qued
1919 2100 2034 2148 aliqua
2042 2099 2118 2136 sunt
2133 2103 2179 2135 ita
2190 2097 2384 2148 fimpliciter
2497 2113 2530 2152 5.

1493 2148 1651 2198 explicite
1665 2151 1706 2186 de
1727 2150 1906 2187 substantia
1925 2150 2024 2191 fidei,
2046 2151 2137 2199 qued
2153 2151 2210 2186 ista
2223 2147 2303 2186 scire
2316 2175 2327 2191 ‚
2347 2156 2381 2189 δι
2412 2157 2600 2196 Adquamtnn.

1492 2202 1627 2237 eredere
1649 2213 1808 2238 tenentur
1825 2214 1968 2242 omues,
1989 2213 2289 2250 quantumcunque
2309 2201 2379 2237 fim-
2410 2197 2557 2227 effabili·
2567 2200 2600 2229 ὅ.

1492 2249 1597 2303 plices
1610 2276 1621 2292 ‚
1633 2264 1668 2288 vt
1683 2254 1773 2289 Deus
1786 2252 1830 2289 est
1841 2265 1925 2289 vnus
1936 2255 2042 2289 trinus
2055 2277 2064 2293 ,
2078 2263 2232 2288 mortuus
2250 2256 2284 2288 δε
2307 2250 2378 2301 pas÷
2407 2241 2513 2321 233⁶&
2531 2239 2599 2289 [⁸⁸⁸³

1493 2303 1545 2338 lus
1558 2327 1569 2342 ,
1582 2307 1648 2339 διε.
2469 2288 2568 2312 ''¹⁰²¹‘'

2412 1799 2461 1829 Ad
2481 1801 2602 1833 tertium.

2409 1845 2442 1870 In
2453 1851 2526 1881 aqna
2535 1843 2601 1871 nnl-

2409 1882 2438 1910 la
2455 1882 2490 1919 ιβ
2510 1884 2604 1913 vinu

2410 1925 2522 1963 respectu
2534 1934 2603 1962 gu-

2409 1966 2452 1994 tia
2472 1966 2581 2004 Baptis-

2409 2005 2497 2037 malis.

1542 2354 1619 2390 Alia
1641 2352 1715 2390 sunt
1733 2354 1774 2390 ad
1796 2367 1869 2402 quae
1890 2367 1962 2390 non
1983 2365 2140 2390 tenentur
2157 2365 2300 2394 omnes,
2323 2349 2378 2389 sed

1492 2405 1626 2440 rantum
1647 2407 1790 2442 maiores
1813 2408 1848 2441 in
1872 2404 2016 2442 Ecclesia
2032 2430 2044 2444 ,
2062 2418 2097 2441 vr
2110 2405 2203 2453 qued
2224 2406 2314 2440 Patri
2337 2405 2383 2440 est

1491 2454 1628 2503 aequalis
1653 2454 1740 2492 filius
1756 2481 1767 2496 ‚
1781 2460 1814 2492 δε
1827 2456 1868 2492 ab
1881 2470 1923 2492 eo
1944 2460 2080 2506 genitus
2094 2480 2104 2496 ‚
2124 2460 2159 2491 ὅ(
2178 2454 2285 2490 multa
2305 2453 2381 2491 alia:

1493 2504 1574 2542 ficut
1598 2518 1691 2554 patet
1712 2520 1768 2555 pet
1792 2508 2015 2556 Augustinum
2033 2519 2082 2548 ¹4-
2101 2506 2136 2540 de
2146 2505 2336 2553 Trinit.caep.
2353 2518 2381 2542 t.

1490 2556 1566 2592 Alia
1577 2559 1648 2592 non
1660 2555 1735 2593 sunt
1747 2558 1905 2607 explicite
1919 2558 2098 2597 credenda,
2109 2553 2296 2596 cuiusmodi
2306 2553 2382 2592 sunt

1494 2607 1565 2648 ista,
1576 2621 1649 2656 quat
1664 2607 1847 2656 sequuntur
1858 2611 1898 2645 ad
1910 2609 2070 2646 articulos
2080 2608 2170 2646 fidei,
2180 2611 2214 2643 δι
2227 2618 2298 2641 non
2308 2603 2383 2642 sunt

1491 2657 1551 2708 ipfi
1563 2660 1693 2695 articuli
1710 2659 1788 2696 fidei
1801 2684 1811 2700 ,
1823 2672 1885 2696 nec
1903 2660 2013 2696 adhuc
2026 2656 2232 2694 manifestata
2247 2668 2305 2705 per
2318 2658 2382 2692 Ee-

1490 2708 1633 2751 cit-fiam,
1644 2715 1678 2747 δε
1688 2724 1759 2746 non
1770 2722 1927 2747 tenentur
1941 2714 2042 2747 etiam
2054 2711 2197 2745 maiores
2209 2707 2289 2744 scire
2301 2730 2312 2746 ‚
2325 2704 2379 2743 sed

1492 2761 1667 2810 postquem
1679 2761 1846 2798 declarata
1866 2760 1940 2802 [unt
1954 2760 1995 2797 ab
2007 2759 2149 2797 Ecclefia
2161 2761 2327 2808 pertinere
2339 2757 2381 2794 ad

1491 2811 1706 2849 substantiam
1721 2811 1812 2853 fidei,
1823 2818 1857 2850 &
1868 2815 2043 2849 veritatem
2053 2814 2123 2848 eius
2134 2836 2144 2851 ,
2158 2822 2228 2846 non
2242 2805 2376 2857 possunt

1490 2862 1634 2910 amplius
1649 2867 1865 2911 per‘tinaciter
1878 2867 1992 2912 negari
2008 2861 2076 2898 fine
2087 2874 2210 2898 errore.
2247 2862 2288 2895 Et
2300 2858 2378 2895 idee

1491 2911 1664 2950 excusatur
1680 2913 1790 2950 abbas
1810 2914 1960 2950 loachim
1972 2913 2014 2949 ab
2028 2910 2138 2949 haerefi
2151 2937 2161 2952 ‚
2181 2912 2261 2960 quia
2271 2909 2378 2946 libros

1491 2962 1587 3004 suos,
1599 2977 1685 3012 quos
1710 2964 1792 3001 fecit
1805 2990 1815 3006 ,
1829 2965 1965 3013 reliquit
1980 2963 2119 3000 arbitrio
2136 2958 2286 2998 Ecclefiae
2298 2985 2307 2998 ‚
2320 2973 2378 3009 per

1489 3027 1562 3050 eam
1576 3017 1807 3064 corrigendos.
1838 3018 2008 3065 Tempore
2018 3017 2117 3050 etiam
2127 3014 2220 3049 Beati
2235 3011 2372 3060 Cypria-
2402 3027 2596 3066 ‘'snm-h·

1490 3067 1526 3101 rti
1538 3069 1699 3113 Martyris
1720 3080 1792 3103 non
1810 3065 1875 3102 fuit
1894 3065 2097 3102 declaratum
2114 3077 2171 3113 per
2185 3060 2374 3102 Ecclesiam,
2402 3069 2519 3098 1mhim
2558 3070 2594 3110 ab

1489 3129 1532 3152 an
1544 3115 1622 3151 mali
1636 3114 1763 3164 poffenr
1776 3115 2001 3165 baptizare‚an
2011 3118 2215 3151 uomBearus
2227 3113 2375 3162 Augusti·
2403 3108 2591 3148 bfflfik‘b‘m·

1491 3179 1554 3202 nus
1568 3166 1711 3203 multum
1738 3166 1854 3203 habuit
1872 3166 2037 3217 disputate
2056 3163 2379 3201 conrraDonaristas
2403 3158 2461 3180 ''⁸''

1491 3216 1668 3253 haerexicos
1689 3218 1799 3254 deista
1816 3222 1972 3259 materia,
1986 3222 2020 3254 &
2042 3216 2119 3252 ideo
2133 3228 2210 3251 cum
2225 3213 2291 3249 hoc
2304 3227 2375 3249 non

1491 3267 1593 3304 fuerit
1616 3267 1820 3305 declaratum
1842 3282 1898 3316 per
1920 3265 2098 3304 Ecclesiam
2111 3277 2264 3314 tempore
2285 3267 2378 3301 Beati

1491 3319 1655 3367 Cypriani
1676 3322 1819 3355 dicentis
1839 3319 1964 3354 malum
1986 3318 2174 3353 ministrum
2196 3329 2267 3351 non
2290 3313 2380 3363 poffe

1489 3369 1567 3405 date
1580 3382 1694 3405 verum
1709 3371 1959 3405 Sacramentum
1974 3366 2147 3417 Baptismi,
2158 3379 2228 3402 non
2243 3378 2380 3414 propter

1490 3419 1557 3455 hoc
1571 3418 1635 3455 fuit
1649 3418 1717 3469 ipse
1738 3420 1933 3463 haererieus3
1948 3418 2013 3455 fuit
2031 3430 2141 3454 autem
2157 3417 2223 3453 hoc
2233 3417 2364 3452 declara

1490 3482 1563 3506 rum
1586 3482 1739 3519 tempore
1755 3474 1847 3507 Beati
1871 3472 2047 3519 Augustini
2072 3493 2081 3507 ‚
2105 3467 2184 3504 ficut
2207 3479 2297 3516 paret
2322 3479 2379 3515 per

1494 3533 1728 3570 argumentum
1743 3524 1778 3556 in
1800 3534 1845 3571 op
1871 3519 2012 3562 ofitum;
2038 3519 2159 3556 &ideo
2181 3517 2202 3553 fi
2223 3514 2292 3565 ipse
2314 3518 2381 3552 ltoe

1489 3575 1706 3620 pertinaciter
1728 3534 1881 3609 tenuisset
1893 3584 2010 3608 contra
2027 3570 2203 3607 arbitrium
2215 3566 2379 3608 Ecclesia,

1494 3619 1604 3669 fuisset
1619 3621 1805 3660 haeteticus.

2217 3719 2378 3756 SCHO
