2736 4042
524 123 682 201 602

524 246 584 295 fini
602 245 653 293 effi
675 240 897 297 baptizandum
919 266 929 282 ,
945 243 991 276 ita
1019 253 1054 275 vt
1074 237 1175 290 primii
1192 249 1267 289 pars
1289 239 1423 287 spectans

532 297 575 333 ad
593 309 689 332 vnum
718 300 854 330 animam
871 320 881 335 ‚
900 296 940 332 ώ·
968 292 1067 348 postea
1098 318 1108 333 ,
1129 303 1204 346 pars
1220 291 1354 339 spectans
1382 288 1425 324 ad

535 350 644 387 aliam.

407 460 444 496 4.
538 449 670 542 AD
687 446 864 488 secundam
887 445 1107 494 quaestionem
1132 444 1212 480 dico
1235 440 1329 491 quod
1350 439 1423 489 plu-

318 503 423 540 Dmfio
639 513 689 536 tes
704 499 876 548 baptizare
886 509 989 532 vnum
1004 521 1014 537 ,
1025 495 1133 545 potest
1145 494 1293 542 intelligi
1307 491 1423 542 dupli-

314 545 505 615 jrfssst‘ff‘
537 556 630 588 citer.
663 556 744 587 Vno
757 551 863 602 modo
877 548 994 601 ,quod
1015 546 1160 596 quilibet
1183 544 1285 581 faciat
1298 554 1427 583 totum,

330 630 347 655 4
409 627 478 655 lum
537 604 631 651 quod
654 606 800 651 pertinet
826 601 866 635 ad
887 602 1154 637 Sacramentum.
1194 596 1274 633 Alio
1303 595 1426 634 modo,

313 634 412 707 {offinpr
441 675 505 694 eun·
538 654 631 702 quod
643 665 728 688 vnus
741 651 841 687 faciat
853 663 953 686 vnam
967 660 1095 699 partem
1107 673 1116 689 ‚
1126 653 1161 685 &
1172 647 1258 683 alius
1271 645 1426 686 aliam3vt

315 710 375 739 dm
386 710 509 745 ‘’wrin-
537 706 632 754 quod
646 716 731 743 vous
743 702 869 742 abluat,
881 706 915 738 &
926 700 1011 738 alius
1026 700 1116 735 dicat
1127 698 1240 734 verba.
1266 699 1302 733 Si
1313 694 1427 734 secun-

318 761 346 780 γ’
364 772 373 788 ›
392 750 425 786 θ’
441 759 505 790 quo·
537 758 583 791 do
598 756 704 791 modo
717 754 829 803 plures
853 752 1065 801 baptizarent
1081 762 1184 787 vnum
1196 774 1205 790 ‚
1218 747 1306 786 nihil
1318 746 1427 787 fieret,

318 794 400 829 ’φάθ’
538 810 619 856 quia
631 819 669 842 cx
681 807 896 841 institutione
910 803 1038 839 Christi
1053 806 1086 838 &
1107 799 1259 840 Ecclesiae
1284 797 1427 834 habetur

537 859 634 906 quod
646 857 687 892 ab
709 857 832 892 eodem
855 853 955 890 debet
975 853 1047 889 fieri
1070 863 1254 900 vtrumque
1276 862 1333 900 per
1346 861 1425 885 mo-

536 911 618 945 dum
652 906 851 943 consuetum
877 918 948 957 quo
969 906 1204 951 exprimuntur
1235 901 1338 938 verba
1368 900 1428 937 illa

535 958 803 999 sacramentalia,
816 958 965 994 dicendo
978 968 1046 1004 :ego
1057 965 1086 989 te
1098 953 1222 1002 baptizo
1232 977 1241 992 ,
1255 950 1313 994 vbi
1328 964 1429 991 vnus,

537 1016 573 1047 δε
594 1011 684 1046 idem
704 1012 863 1058 exprimit
889 1006 1015 1047 verba,
1030 1011 1064 1043 &
1088 1004 1240 1040 similiter
1262 1001 1427 1040 abluitzfi

536 1064 629 1097 enim
644 1074 729 1097 vnus
742 1058 909 1109 proferret
922 1056 1036 1097 verba,
1046 1062 1079 1093 &
1090 1057 1176 1092 alius
1187 1055 1352 1095 ablueret,
1364 1053 1429 1090 fal·

537 1111 569 1148 sa
599 1109 677 1149 esset
700 1109 1007 1160 propositio3quia
1031 1107 1174 1157 signaret
1189 1120 1246 1155 pet
1267 1105 1298 1142 se
1314 1103 1428 1154 perso-

537 1176 615 1199 nam
627 1162 721 1199 illam
734 1160 958 1201 abluere,ct*1m
969 1172 1083 1199 tamen
1098 1171 1170 1195 non
1184 1157 1297 1195 abluat
1311 1154 1429 1206 ipsam,

538 1211 596 1250 sed
611 1214 709 1251 alius.

588 1267 668 1304 Hoc
690 1266 791 1304 etiam
819 1275 909 1313 patet
937 1260 1120 1298 secuudum
1152 1259 1294 1295 modurn
1316 1257 1429 1307 bapti-

538 1317 638 1356 zandi
661 1319 856 1353 Gtaecorum
874 1339 884 1354 ,
904 1316 962 1362 qui
986 1309 1311 1359 dicunr,baptizetur
1320 1311 1429 1355 fimus

536 1366 654 1412 Christi
667 1393 676 1408 ‚
692 1372 756 1404 &c.
777 1366 838 1407 lsta
852 1368 943 1400 enim
957 1363 1058 1400 verba
1072 1376 1144 1399 uon
1156 1361 1263 1399 solum
1279 1360 1353 1399 sunt
1367 1363 1427 1397 de-

535 1418 720 1468 precabilia
736 1416 910 1467 baptizetur
923 1441 934 1457 ,
948 1412 1001 1451 sed
1022 1411 1199 1455 effe-stiua,
1210 1426 1294 1462 ergo
1315 1412 1357 1448 ab
1369 1425 1429 1448 eo-

536 1471 614 1509 dem
638 1468 860 1520 proferuntur
875 1493 885 1507 ,
897 1469 914 1504 ὲ
932 1479 1003 1516 quo
1027 1464 1201 1515 signantur
1220 1465 1345 1501 habere
1357 1462 1431 1500 effi-

536 1525 663 1558 caciam
677 1535 685 1561 3
697 1533 732 1556 vt
745 1519 783 1556 sit
803 1516 927 1559 sensus,
938 1514 1142 1564 baptizetur&
1158 1518 1318 1562 mestruas
1329 1541 1341 1558 ,
1360 1515 1429 1552 hoc

537 1577 628 1610 euim
642 1571 747 1622 signat
760 1571 855 1620 quod
865 1581 1008 1606 exercet.

586 1625 621 1660 Si
647 1636 759 1659 autem
782 1621 995 1671 intelligatur
1019 1619 1113 1668 quod
1141 1618 1253 1669 plures
1274 1617 1427 1669 baptiza-

534 1686 609 1711 tent
623 1675 769 1710 eundem
781 1676 893 1722 ptimo
906 1671 1013 1707 modo
1026 1697 1036 1711 ‚
1050 1669 1178 1707 scilicet
1193 1670 1379 1719 complete,
1392 1682 1429 1706 vt

535 1725 556 1762 fi
581 1726 683 1763 ambo
696 1726 841 1762 eundem
866 1723 1112 1772 baptizandum
1134 1721 1229 1762 simul
1243 1725 1427 1772 immerge-

535 1790 625 1818 rent,
636 1782 670 1813 &
680 1775 782 1812 verba
792 1772 1045 1825 proferrent5sie
1059 1775 1185 1810 dicitur
1197 1779 1431 1810 communiret

534 1828 630 1878 quod
643 1841 729 1864 vnus
742 1840 814 1863 non
830 1826 973 1875 impedit
986 1825 1102 1861 alium.

434 1911 443 1920 .
586 1880 652 1922 Sed
666 1891 784 1916 contra
807 1878 874 1914 hoe
898 1876 1029 1913 obiicio
1043 1874 1106 1912 fic:
1122 1889 1194 1914 non
1213 1878 1322 1925 potest
1338 1876 1429 1913 idem

314 1939 432 1978 mimia
447 1938 507 1979 pn}
535 1929 676 1967 effectus
698 1929 760 1967 esse
773 1930 791 1968 Ξι
805 1928 932 1965 duabus
943 1926 1048 1964 causis
1070 1926 1256 1970 total1bus;
1272 1941 1355 1979 ergo
1367 1941 1431 1965 nec

315 1978 371 2021 rnu-
535 1983 627 2018 idem
642 1981 834 2030 baptizatus
859 1980 877 2015 a
898 1978 1033 2016 duobus
1047 1979 1201 2020 totaliter
1223 1978 1430 2028 baptizanti-

535 2031 609 2073 bus.
624 2033 840 2075 Antecedeus
863 2043 953 2079 patet
964 2056 975 2072 ,
987 2033 1068 2079 quia
1090 2027 1296 2079 impoffibile
1308 2032 1354 2067 est
1368 2030 1430 2066 ali-

536 2097 639 2133 quem
654 2082 812 2120 effectum
835 2081 876 2118 ab
890 2082 1005 2131 aliqua
1025 2079 1122 2123 causa
1139 2081 1239 2117 totali
1253 2080 1317 2119 esse
1329 2108 1339 2123 ,
1362 2096 1429 2131 qua

535 2148 609 2172 non
626 2136 787 2172 existente
809 2132 1041 2169 nihilominus
1054 2130 1132 2169 esset
1146 2148 1156 2175 3
1170 2130 1223 2168 sed
1239 2131 1261 2168 fi
1273 2133 1427 2183 baptiza-

536 2200 629 2231 retur
645 2188 702 2223 iste
715 2198 796 2236 puer
818 2184 950 2221 rantum
970 2184 1011 2220 ab
1032 2197 1103 2219 vno
1115 2183 1212 2226 ‚vete
1227 2189 1260 2221 &
1276 2186 1430 2222 totaliter

536 2237 615 2274 effer
626 2237 816 2288 baptizatus
829 2261 839 2277 ‚
853 2238 954 2272 etiam
974 2235 1044 2271 alio
1060 2249 1132 2271 non
1145 2236 1306 2274 existente
1320 2252 1329 2279 ;
1345 2249 1379 2272 er
1406 2250 1428 2273 o

537 2289 624 2326 alius
637 2303 709 2325 non
724 2288 831 2339 potest
854 2285 917 2323 ess'e
936 2285 1032 2326 causa
1044 2289 1117 2323 eius
1129 2287 1247 2324 totalis
1258 2290 1293 2323 in
1304 2251 1426 2325 cong-

539 2341 648 2378 tendo
662 2343 928 2377 Sacramentum.

590 2396 696 2433 Item,
710 2391 789 2428 licet
804 2392 893 2426 afflo
914 2388 951 2430 fit
976 2391 1011 2425 in
1024 2386 1115 2438 paffo
1130 2415 1139 2429 ‚
1150 2400 1265 2427 tamen
1279 2402 1314 2426 vt
1328 2390 1373 2426 est
1387 2388 1429 2426 ab

541 2443 722 2492 agentibus
754 2467 764 2483 ‚
792 2439 1002 2491 plurificatur
1034 2439 1216 2481 secundum
1249 2454 1429 2478 numerum

540 2497 714 2544 agentium
731 2498 783 2533 ‚&
798 2491 941 2530 maxime
957 2493 1094 2541 quando
1109 2491 1343 2540 plurificantut
1359 2492 1430 2527 sor-

540 2558 623 2586 titae,
637 2544 703 2582 fiue
725 2546 947 2583 instrumenta
972 2541 1155 2579 secundum
1177 2554 1251 2591 quae
1272 2543 1310 2581 fit
1328 2546 1431 2588 actio,

541 2596 565 2634 fi
586 2610 668 2646 crgo
691 2597 803 2647 plures
830 2593 894 2631 sint
922 2594 1137 2642 baptizantes
1165 2619 1175 2634 ‚
1195 2594 1305 2643 plures
1331 2607 1430 2632 erunt

544 2647 741 2686 ablutiones
766 2646 875 2683 afflue
896 2672 906 2687 ‚
933 2645 987 2682 sed
1016 2645 1158 2685 cuilibet
1191 2648 1321 2683 actioni
1354 2660 1431 2683 cor-

545 2698 730 2748 respondet
765 2701 903 2748 propria
931 2695 1036 2747 paffio
1062 2713 1073 2741 3
1098 2710 1182 2747 ergo
1221 2710 1320 2736 erunt
1349 2698 1427 2748 plu-

540 2762 592 2791 res
614 2749 808 2787 ablutiones
841 2746 971 2799 paffiuae
998 2773 1009 2790 ,
1030 2753 1065 2786 &
1097 2751 1146 2785 ita
1180 2748 1277 2799 plura
1308 2750 1427 2789 Sacra-

541 2813 666 2845 menta.

319 2867 513 2906 „tanqam
590 2853 644 2889 Ad
689 2854 812 2888 timum
827 2876 837 2891 ‚
859 2852 940 2887 dico
959 2849 1054 2904 quod
1076 2851 1136 2886 ista
1157 2852 1267 2888 maior
1284 2852 1329 2888 est
1351 2865 1431 2889 vera

320 2910 476 2943 attentionis.
502 2903 506 2907 ”
540 2903 582 2939 de
595 2865 699 2940 caulis
720 2900 947 2939 efficientibus
963 2927 972 2943 ,
991 2906 1025 2939 &
1046 2901 1210 2938 totalibus
1234 2904 1432 2953 principali-

538 2953 602 2991 bus
627 2954 869 2991 inducentibus
891 2952 1046 2990 effectum
1059 2979 1069 2993 ,
1085 2953 1138 2989 vel
1158 2953 1307 2990 formam
1326 2954 1430 3005 ipsam

538 3006 692 3045 totaliter
705 3032 716 3048 ,
738 3004 792 3041 sed
812 3003 948 3045 effestus
967 3002 1128 3053 Baptismi
1152 3017 1225 3043 non
1247 3007 1292 3041 est
1310 3010 1347 3046 in
1367 3010 1430 3042 mi-

538 3057 644 3093 nistro
658 3069 713 3097 ,vt
728 3057 746 3093 a
768 3055 864 3094 causa
885 3056 985 3093 totali
1004 3061 1038 3093 ὅ(
1053 3057 1232 3105 principali
1248 3055 1352 3098 ,seda
1378 3056 1430 3093 so-

538 3107 574 3144 lo
598 3111 674 3144 Deo
691 3120 751 3148 ,vt
777 3106 873 3144 causa
895 3111 1109 3158 agente,qui
1135 3105 1245 3143 causat
1268 3120 1430 3152 eum3ta·

540 3172 620 3195 men
641 3157 818 3208 dispositio
843 3161 900 3196 ista
923 3159 1261 3208 ministerialis‚quae
1285 3173 1357 3196 non
1384 3162 1431 3196 est

538 3208 634 3246 causa
646 3210 738 3247 illius
763 3210 901 3249 effesstus
913 3237 922 3250 ,
936 3209 988 3246 sed
1003 3211 1176 3258 quoddam
1203 3209 1333 3260 fignum
1345 3214 1433 3253 eius,

538 3274 575 3297 vt
598 3260 730 3298 ablutio
751 3266 898 3298 exterior
922 3268 954 3299 δε
981 3262 1129 3310 prolatio
1153 3261 1334 3298 verborum
1350 3266 1430 3311 ,qui

538 3311 614 3348 sunt
625 3315 716 3350 astus
729 3314 820 3349 mere
838 3313 1006 3349 naturales
1021 3316 1056 3348 in
1069 3311 1144 3350 casu
1158 3312 1348 3362 proposito,
1359 3327 1430 3349 non

539 3364 585 3399 est
597 3363 637 3399 ab
650 3368 796 3411 vttoque
807 3376 842 3400 vt
864 3365 881 3400 fa
895 3362 989 3414 causa
1005 3364 1125 3405 totali,
1138 3362 1191 3400 sed
1206 3364 1247 3401 ab
1262 3364 1430 3407 ambobus

540 3414 792 3463 simul,quando
802 3416 904 3452 ambo
918 3415 1071 3451 abluunt.

594 3467 646 3501 Ad
676 3465 858 3503 secundum
884 3468 962 3503 dico
975 3467 1068 3516 quod
1087 3479 1126 3502 ex
1146 3479 1238 3515 parte
1255 3470 1429 3517 agentium

320 2398 447 2436 sstuaedae,

326 3469 421 3499 'solatio
436 3469 480 3509 [³-

322 3511 418 3579 νἔνιά-ἶ
542 3514 617 3552 sunt
632 3517 743 3565 plures
772 3519 923 3554 actiones
937 3545 946 3558 ‚
960 3523 994 3554 &
1016 3532 1054 3554 ex
1079 3530 1171 3565 parte
1191 3517 1269 3568 paffi
1297 3518 1429 3556 tamam

322 3554 469 3623 {gt-2:¹32?
544 3581 609 3603 vna
643 3568 774 3604 ablutio
797 3568 1004 3619 baptismalis
1026 3595 1036 3610 ‚
1056 3573 1091 3605 δι
1113 3582 1179 3604 vna
1197 3568 1301 3618 pa'ffio
1325 3583 1333 3605 ς
1358 3583 1430 3605 non

317 3635 401 3673 pmst
425 3645 511 3664 com·
542 3631 680 3667 oportet
702 3632 814 3655 autem
827 3621 918 3670 quod
931 3619 1072 3660 cuilibet
1087 3622 1213 3655 astioni
1233 3619 1430 3670 correspon-

317 3676 438 3716 spmdm
453 3686 514 3711 vna
542 3670 616 3705 deat
640 3668 838 3719 paffio‚nifi
860 3670 898 3707 fit
921 3675 993 3709 eius
1021 3669 1115 3707 causa
1136 3672 1264 3708 totalis.
1289 3673 1429 3707 Patetin

319 3715 404 3756 paffie.
541 3722 709 3757 merione
729 3724 837 3758 astina
858 3725 955 3759 nauis
982 3747 991 3762 ,
1014 3721 1071 3757 vbi
1095 3735 1167 3758 non
1188 3721 1430 3771 correspondet

540 3771 681 3809 cuilibet
705 3775 853 3816 actioni,
874 3773 928 3820 vel
953 3774 1110 3810 traetioni
1125 3786 1240 3812 motus
1252 3777 1348 3818 nauis
1365 3787 1430 3816 vna

950 107 1116 192 Lib.
1141 103 1307 195 IV.
1358 105 1785 193 Distin&io
1823 103 1997 195 IV'.

1499 238 1606 291 paffio
1621 266 1632 282 ‚
1659 240 1722 278 nifi
1743 240 1906 291 quaelibet
1923 244 2047 279 tractio
2067 243 2178 280 aetina
2202 241 2280 282 effer
2302 242 2392 282 suffi-

1500 294 1703 330 cienscausa
1724 306 1840 329 motus
1861 297 1957 330 nauis
1983 292 2117 344 paffiue.
2144 295 2208 330 Sed
2233 294 2275 330 fic
2297 297 2392 333 estin

1500 342 1690 392 proposito.
1703 346 1858 394 Qantlo
1869 358 2011 391 vterque
2023 346 2106 381 dicit
2119 345 2222 381 verba
2233 372 2243 386 ,
2255 350 2288 382 δι
2305 360 2393 385 vter-

1501 405 1568 442 que
1580 394 1687 430 abluit
1702 420 1712 436 ,
1725 409 1798 431 non
1823 408 1960 445 oportet
1981 398 2021 432 ad
2039 397 2114 432 istas
2138 396 2222 432 duas
2241 398 2392 434 actiones

1501 443 1592 493 sequi
1617 448 1698 482 duas
1710 445 1877 496 paffiones
1890 472 1900 488 ,
1911 447 1966 483 vel
1980 449 2048 483 duo
2062 449 2280 483 Sacramenta
2291 474 2301 488 ‚
2313 455 2391 496 quia

1501 496 1683 542 quodlibet
1710 498 1850 533 istorum
1877 499 1923 534 est
1953 496 2049 534 causa
2071 498 2221 547 partialis
2245 501 2390 537 tantum.

1500 548 1718 585 Antecedens
1750 561 1862 585 autern
1881 549 1927 585 est
1949 561 2066 585 verum
2088 573 2099 589 ‚
2128 551 2186 585 vbi
2206 563 2392 598 vtrumque

1501 600 1678 646 agentium
1702 600 1749 635 est
1780 597 1876 636 causa
1909 601 2027 636 totalis
2048 625 2058 640 ,
2077 605 2112 637 &
2145 613 2259 636 totum
2290 604 2391 638 indu„

1502 648 1645 733 citsficut
1667 650 1713 686 est
1731 655 1767 687 in
1787 649 2072 694 Eucharistia3fic
2094 664 2167 687 non
2187 652 2233 689 est
2253 655 2289 687 in
2312 666 2394 702 pro-

1501 711 1547 749 po
1563 712 1625 735 ito.

1552 751 1619 786 Sed
1633 762 1752 787 contra
1773 752 1860 789 istud
1885 753 1930 788 est
1944 752 2084 789 dubium
2099 754 2140 790 de
2160 753 2320 792 monstria
2333 780 2344 797 ‚
2355 756 2397 792 de

1501 799 1627 848 quibus
1638 801 1812 838 dubitatur
1822 817 1864 838 au
1876 803 2021 840 habeant
2037 817 2138 841 vnam
2148 807 2298 844 animam
2316 832 2326 846 ,
2340 808 2396 844 vel
2425 775 2548 847 121.me
2566 820 2599 852 de

1502 852 1598 893 duas,
1613 856 1647 889 δι
1663 855 1709 888 ita
1721 852 1886 890 resolutio
1900 853 2050 891 secundae
2064 857 2260 905 quaestionis
2273 858 2320 893 est
2332 859 2395 894 du—
2426 861 2546 898 monstro.

1503 901 1559 938 bia
1571 927 1582 943 ,
1595 902 1709 939 vtrum
1726 905 1816 940 idem
1841 904 1946 954 puiset
1961 905 2056 943 fimul
2069 906 2182 955 plures
2206 907 2394 958 baptizare,

1502 965 1546 989 an
1557 966 1628 989 non
1639 962 1649 989 ἓ
1662 954 1730 991 Hic
1742 955 1869 991 dicitur
1888 958 1982 1003 quod
1998 957 2049 993 illi
2062 957 2174 1007 plures
2192 960 2397 1003 monstruosi

1502 1004 1558 1040 vel
1569 1003 1643 1041 sunt
1655 1006 1803 1042 distincti
1815 1004 2049 1056 personaliter,
2063 1009 2117 1046 vel
2131 1022 2204 1046 non
2218 1024 2228 1051 ·,
2241 1009 2263 1046 si
2277 1009 2335 1051 fic,
2350 1023 2397 1047 ιο,

1503 1067 1603 1091 netur
1624 1060 1855 1094 communiter
1880 1058 1976 1106 quod
2006 1058 2130 1106 possint
2156 1059 2253 1098 fimul
2283 1061 2396 1111 plures

1504 1104 1679 1154 baptizare
1703 1108 1745 1146 de
1764 1106 1855 1144 faCto
1880 1107 1939 1145 sub
1960 1108 2024 1145 hac
2048 1108 2247 1161 formatego
2265 1124 2321 1148 vos
2339 1111 2396 1149 bae-
2422 1109 2559 1148 Quomodo

1498 1160 1600 1210 ptizo,
1614 1163 1679 1196 διε.
1691 1157 1773 1196 licet
1785 1162 1934 1210 grauiter
1944 1173 2098 1209 peccaret
2112 1159 2305 1213 baptizans,
2319 1177 2394 1202 mu·
2421 1153 2568 1222 marierun-i

1504 1219 1580 1244 tans
1591 1214 1644 1249 ,δι
1656 1222 1729 1246 non
1743 1209 1927 1247 obseruatis
1941 1211 2090 1248 formam
2101 1210 2254 1250 Ecclefiae
2266 1217 2322 1254 ,in
2332 1215 2396 1252 isto
2416 1193 2458 1232 μ’
2481 1203 2575 1269 32:⁸⁶

1503 1262 1663 1308 promine
1683 1271 1880 1303 u,mutans
1903 1261 2071 1314 fingulare
2094 1266 2129 1299 in
2152 1262 2281 1313 plurale
2300 1288 2311 1304 ,
2335 1265 2397 1302 nifi
2423 1246 2481 1268 “n
2548 1257 2558 1271 ⁰

1503 1315 1541 1346 in
1555 1309 1632 1348 casu
1643 1311 1858 1352 neceffitatis.
1882 1316 1918 1351 Si
1931 1327 2045 1351 autem
2057 1316 2109 1352 iui
2124 1315 2238 1364 plures
2249 1327 2322 1353 non
2336 1315 2398 1353 lint

1504 1359 1726 1409 personaliter
1748 1365 1897 1401 distincti
1911 1391 1921 1407 ,
1933 1378 1968 1402 vt
1984 1367 2025 1408 de
2046 1366 2205 1402 monstris
2218 1378 2295 1402 cum
2307 1366 2396 1405 duo-

1502 1411 1565 1449 bus
1577 1413 1748 1463 capitibus
1762 1441 1773 1457 ,
1786 1415 1840 1452 vel
1853 1416 1988 1454 duobus
2000 1416 2179 1456 ventribus
2188 1441 2199 1458 ,
2209 1416 2252 1453 de
2272 1416 2399 1465 quibus

1503 1464 1647 1504 dubium
1657 1466 1702 1502 est
1714 1480 1757 1503 an
1771 1468 1951 1517 quodlibet
1962 1469 2104 1505 istorum
2117 1467 2156 1506 fit
2164 1467 2321 1508 vnus,ve1
2330 1469 2400 1510 duo

1503 1514 1666 1556 homines
1683 1519 1828 1560 5dicitur
1849 1520 1944 1568 quod
1966 1522 2003 1556 in
2024 1520 2179 1569 periculo
2196 1522 2320 1555 mortis
2335 1519 2397 1557 ba-

1502 1569 1684 1615 ptizandus
1699 1570 1745 1605 est
1758 1568 1817 1606 sub
1829 1571 2043 1608 conditione.
2060 1571 2126 1607 Sed
2138 1570 2159 1606 fi
2173 1583 2243 1606 non
2256 1568 2295 1606 fit
2310 1575 2399 1619 peti—

1502 1617 1618 1654 culum
1641 1624 1786 1662 mortis,
1801 1622 2071 1672 inuestigandum
2086 1623 2132 1659 est
2151 1623 2194 1658 de
2216 1621 2276 1659 tali
2293 1634 2397 1658 mon-

1503 1669 1571 1705 stro
1592 1683 1635 1706 an
1654 1670 1775 1708 habeat
1797 1673 1877 1709 duas
1899 1677 2028 1709 animas
2051 1698 2063 1714 ,
2081 1687 2123 1709 an
2143 1685 2245 1709 vnam
2268 1697 2278 1712 ,
2302 1674 2399 1721 quod

1502 1732 1575 1757 non
1594 1723 1704 1772 potest
1724 1726 1771 1760 ita
1793 1723 2399 1766 faciliter,necitacertitudinaliter

1503 1776 1632 1823 percipi
1645 1786 1684 1810 ex
1694 1774 1763 1811 alio
1777 1773 1872 1824 (igno
1885 1800 1894 1814 ,
1907 1773 1988 1812 ficut
1998 1787 2038 1811 ex
2047 1774 2179 1811 acribus
2191 1773 2398 1818 intellectus,

1503 1829 1538 1865 ὃς
1564 1825 1753 1861 voluntatis
1767 1841 1776 1868 3
1791 1840 1826 1862 vt
1848 1825 1870 1862 fi
1887 1824 1947 1863 scit
1961 1824 2100 1863 scientia
2116 1852 2126 1867 ,
2145 1830 2180 1864 δε
2199 1829 2397 1875 ignorantia

1502 1876 1653 1923 respectu
1666 1876 1814 1914 eiusdem
1824 1880 1860 1914 in
1870 1877 2008 1914 diuerfis
2021 1876 2175 1927 partibus
2187 1878 2279 1914 istius
2294 1890 2397 1914 mon-

1504 1927 1558 1962 stri
1572 1951 1580 1966 ‚
1594 1933 1626 1963 &
1639 1925 1832 1965 discordent
1855 1927 1914 1965 fibi
1935 1932 2108 1970 inuicem,
2120 1928 2204 1966 tales
2221 1941 2330 1978 partes
2347 1942 2396 1966 re-

1502 1975 1616 2025 spectu
1638 1979 1781 2016 alicuius
1813 1979 2045 2030 intelligibilis
2078 1993 2137 2029 per
2163 1980 2393 2024 intellectum

1503 2028 1558 2064 vel
1569 2027 1590 2064 fi
1602 2032 1637 2065 in
1652 2030 1829 2071 voluntate
1840 2045 1906 2067 vna
1919 2044 1993 2080 pars
2009 2031 2156 2068 tristetur
2166 2056 2177 2072 ,
2187 2035 2222 2068 &
2237 2030 2303 2066 alia
2314 2043 2396 2079 gau-

1502 2079 1600 2122 deat5
1615 2094 1680 2118 vna
1705 2077 1836 2130 aliquid
1858 2095 1947 2118 amet
1971 2079 2219 2118 consentiendo
2244 2082 2294 2118 illi
2310 2083 2396 2121 ‚alia

1502 2132 1598 2168 odiat
1612 2132 1697 2169 illud
1712 2134 1823 2169 eidem
1841 2131 2081 2170 dissentiendo.
2116 2136 2157 2170 Et
2179 2133 2283 2170 credo
2301 2132 2396 2182 quod
2424 2127 2528 2164 '⁹8⁸³‘
2543 2127 2587 2175 dj-

1502 2186 1693 2233 percipiens
1709 2184 1791 2222 tales
1811 2183 2060 2222 controuersias
2079 2187 2169 2221 inter
2187 2184 2263 2220 istas
2285 2195 2396 2233 partes
2418 2167 2559 2205 “ms“”d'
2576 2178 2613 2198 ⁰³

1503 2247 1544 2270 ex
1554 2234 1684 2271 affitibus
1697 2235 1943 2276 intellectum&
1957 2235 2245 2277 voluntatismon
2258 2234 2395 2274 deberet
2424 2208 2612 2284 zzzstzonigfs„

1502 2283 1599 2327 fimul
1623 2288 1821 2336 patresistas
1842 2286 2015 2336 baptizare
2038 2299 2105 2322 vna
2123 2286 2302 2322 ablutione
2318 2285 2396 2328 ,sed
2422 2292 2544 2323 medua.

1501 2336 1882 2379 duabus,infundendo
1897 2352 2019 2387 aquam
2042 2337 2153 2386 primo
2176 2337 2271 2387 supet·
2293 2351 2396 2374 vnam

1502 2400 1632 2438 partem
1653 2402 1731 2425 eum
1744 2388 1857 2425 verbis
1879 2387 2176 2425 sacramentalibus
2189 2414 2199 2431 ‚
2212 2394 2247 2426 &
2272 2388 2398 2431 deinde

1502 2436 1599 2489 super
1610 2440 1724 2477 aliam.
1746 2442 1781 2476 Si
1794 2443 1886 2476 enim
1907 2440 2095 2489 baptizaret
2108 2438 2204 2476 fimul
2219 2452 2399 2490 vti-amque

1502 2503 1631 2539 partem
1645 2518 1655 2532 ,
1667 2492 1815 2528 dicendo
1827 2503 1895 2541 :ego
1906 2504 1959 2527 vos
1972 2489 2264 2541 baptizo,ptccaret
2276 2503 2399 2528 morra·

1506 2542 1586 2579 liter
1597 2568 1607 2583 ,
1621 2556 1696 2579 nou
1710 2540 1925 2585 obseruando
1938 2544 2084 2579 formam
2098 2542 2250 2585 Ecclefiae
2264 2544 2396 2580 Roma-

1502 2607 1553 2629 nae
1566 2619 1576 2634 ,
1587 2592 1649 2629 nisi
1662 2594 1808 2631 articulo
1817 2593 2019 2631 necessitatis
2032 2591 2207 2643 vri-iusque
2220 2597 2337 2643 partis.
2353 2596 2396 2631 Et

1502 2643 1593 2681 forte
1614 2657 1695 2682 tunc
1713 2657 1905 2685 teneretur,
1920 2648 2000 2693 quia
2023 2643 2138 2681 nullus
2158 2645 2243 2681 adeo
2264 2643 2397 2694 obliga·

1501 2707 1556 2734 tut
1568 2697 1642 2732 aliis
1655 2695 1737 2734 ficut
1749 2696 1808 2733 sibi
1822 2695 1880 2746 ipsi
1895 2712 1904 2739 ;
1919 2695 1971 2732 sed
1989 2696 2057 2733 hoe
2071 2694 2231 2732 faciendo
2242 2708 2396 2746 peccaret

1501 2747 1694 2784 mortaliter
1714 2761 1786 2784 non
1817 2748 2029 2784 obseruando
2054 2745 2201 2782 formam
2225 2745 2393 2790 Ecclefiae3

1502 2811 1585 2849 ergo
1596 2798 1618 2835 fi
1628 2799 1760 2835 rantum
1773 2812 1837 2835 vna
1856 2812 1930 2848 pars
1948 2797 1985 2835 fit
2001 2803 2036 2835 in
2050 2798 2215 2847 periculo,
2229 2796 2334 2848 posset
2347 2799 2392 2835 il-

1502 2850 1570 2887 lam
1584 2849 1756 2899 baptizare
1768 2855 1821 2891 ,δι
1838 2852 2011 2899 expe&at·e
2031 2847 2138 2899 posset
2162 2850 2203 2886 de
2222 2850 2304 2887 alio.
2332 2851 2394 2888 Pet

1504 2902 1571 2941 hoc
1582 2903 1622 2937 ad
1638 2906 1780 2949 primam
1792 2905 1972 2938 rationem.

1554 2954 1607 2989 Ad
1620 2950 1802 2990 secundum
1815 2963 2052 3002 argumentum
2068 2951 2218 2988 secundae
2234 2952 2393 2999 quaestio·
2421 2949 2471 2980 Ad
2485 2949 2570 2989 septi·

1503 3007 1557 3043 nis
1573 3029 1583 3045 ‚
1597 3006 1677 3041 dico
1697 3006 1792 3054 quod
1816 3016 1933 3040 verum
1945 3003 1990 3039 est
2010 3003 2102 3051 quod
2127 3000 2267 3039 effeetus
2282 3002 2392 3039 solum
2420 3002 2504 3022 ''m''

1502 3058 1566 3092 isto
1589 3053 1664 3092 casu
1687 3054 1798 3105 polito
1813 3081 1823 3096 ,
1837 3054 1975 3091 habetet
1996 3051 2087 3089 suam
2111 3056 2290 3090 entitatem
2314 3067 2393 3090 ante

1501 3108 1553 3155 effe
1574 3107 1663 3144 reale
1675 3108 1716 3144 ab
1739 3107 1807 3146 illis
1827 3104 1994 3143 causatum
2007 3103 2084 3145 ,hic
2109 3117 2221 3141 autem
2233 3105 2324 3141 aliud
2346 3107 2393 3143 est

1501 3159 1552 3205 esse
1569 3160 1702 3195 ordinis
1714 3184 1723 3200 ,
1738 3163 1772 3195 &
1794 3158 1879 3198 alius
1895 3157 1982 3193 ordo
2007 3155 2109 3192 causae
2135 3156 2332 3206 principalis
2351 3158 2394 3194 ad

1502 3209 1597 3246 suum
1617 3208 1775 3247 effectum
1794 3234 1805 3250 ‚
1824 3214 1858 3247 &
1876 3207 2139 3245 instrumentalis
2160 3208 2202 3245 ad
2226 3205 2318 3244 suum
2341 3208 2393 3244 ef-

1508 3260 1645 3298 fectum.

1552 3313 1684 3349 Etideo
1701 3312 1845 3348 instituit
1870 3311 1964 3345 Deus
1987 3309 2028 3345 ad
2052 3310 2152 3346 istum
2176 3322 2280 3347 vnum
2306 3311 2390 3349 effe-

1501 3367 1593 3402 &um
1614 3362 1861 3400 conferendum
1875 3358 1938 3397 esse
1951 3374 2055 3397 vnum
2072 3359 2201 3410 signum
2217 3388 2224 3402 ,
2239 3367 2274 3400 &
2287 3376 2392 3400 vnum

1502 3413 1828 3456 ministerium‚ficut
1843 3413 1888 3449 est
1903 3425 2000 3452 vnns,
2012 3416 2069 3460 qui
2084 3416 2217 3450 inducit
2231 3413 2324 3452 hunc
2336 3415 2390 3452 ef-

1504 3467 1690 3507 fectumssd
1704 3479 1805 3515 quern
1817 3464 1968 3499 minister
1978 3465 2168 3501 ordinatur.

1639 3566 2121 3611 SCHOLIVM
2177 3567 2243 3608 11.

1552 3667 1613 3703 Ad
1616 3667 1780 3716 secundam
1790 3667 2137 3715 quastionemffiem'nem
2142 3666 2219 3717 poffe
2230 3666 2391 3717 baptiza-re

1494 3721 1635 3766 seipfiam.
1659 3719 1772 3755 Reddit
1790 3721 1935 3753 rationem
1955 3731 2047 3766 qnare
2058 3721 2124 3768 quis
2134 3718 2250 3770 corficit
2264 3745 2275 3762 ‚
2287 3721 2326 3758 (ῥ’
2329 3718 2390 3764 fibi

1500 3770 1652 3818 ministrat
1665 3774 1696 3807 E
1699 3768 1899 3817 acharistiam.

2333 3822 2387 3857 Ad
