2736 4042
115 1545 198 1573 natio
213 1549 307 1579 pne·-

115 1586 179 1614 dens
198 1581 262 1611 liter

113 1623 257 1665 probam-'s

115 1669 153 1697 ab·
162 1663 309 1696 contacte.

118 2247 239 2279 &luitur

120 2289 262 2328 instantia.

195 2547 251 2574 10.

125 2590 257 2629 Refilutio
290 2599 316 2621 r.

125 2633 202 2663 voa.

129 3173 225 3199 Smm
236 3168 323 3198 inuito

130 3212 235 3239 Amin·
259 3220 318 3237 em-

130 3252 221 3282 rnhIr
246 3252 324 3280 vali-

130 3292 165 3323 d)
175 3315 183 3326 .
200 3291 264 3322 {ich
275 3302 326 3321 nm

123 3333 294 3374 simpliciter,

129 3375 177 3413 sed
199 3374 311 3406 rann'om

127 3415 278 3455 fieundkm

134 3458 210 3498 quid.

1035 113 1399 216 Quaestio
1436 113 1557 202 II.

340 261 506 299 seruitute
518 262 552 296 in
562 259 706 307 eo‚quin
721 267 792 292 nou
802 253 911 304 potest
926 253 1004 302 cogi
1015 248 1057 286 ad
1071 262 1144 286 non
1155 250 1235 286 dor-

340 315 517 350 miendum
533 318 590 353 ,δε
608 322 679 345 non
703 307 975 344 comedendum.
997 301 1051 338 vel
1075 314 1147 337 non
1171 314 1235 337 nu·

338 365 607 411 triendum,qui
621 361 695 396 suut
719 361 811 395 aetus
833 353 1002 400 neceffarij
1023 356 1234 402 pertinentes

338 416 380 451 ad
396 414 691 451 conseruationem
713 409 883 446 indiuidui
897 433 907 448 ,
919 406 974 442 vel
986 407 1027 440 ad
1046 416 1118 459 non
1130 415 1232 451 gene-

338 467 481 503 randum
495 490 506 506 ,
516 478 596 513 quia
607 473 766 513 generare
780 462 927 509 pertinet
941 456 985 492 ad
1005 456 1235 491 conleruatio-

337 530 419 554 nem
436 515 580 567 speciei,
594 527 676 564 quia
686 524 808 548 omnes
819 510 871 546 isti
884 510 977 545 actus
990 504 1064 542 suut
1078 503 1235 554 fimplici-

337 580 388 604 ter
398 564 568 615 necellarij
590 569 628 602 in
642 576 761 600 natura
783 561 982 610 illa5igitur
1003 558 1081 594 cum
1101 556 1234 605 obliga-

337 622 391 655 tio
402 620 442 654 ad
456 619 536 654 istos
551 618 643 652 aetus
655 612 855 651 neceffarios
874 614 1084 661 pertinentes
1096 608 1138 643 ad
1150 620 1235 643 con-

334 665 564 706 seruationem
583 666 770 706 indiuidui,
780 669 814 701 &
825 659 1151 711 multiplicationem
1163 655 1237 707 spe-

335 724 401 757 ciei
415 745 426 761 ‚
449 719 487 756 iit
499 718 699 768 simpliciter
712 712 889 752 necessaria
903 709 1095 749 neceffitate
1106 708 1237 746 inflicta

336 772 355 807 'a
373 765 493 807 natura
512 782 605 812 ‚non
633 767 742 818 potest
764 765 891 814 aliquis
913 762 1016 799 alicui
1035 762 1180 798 domino
1203 758 1236 796 se

334 821 491 872 obligare
510 818 677 870 quantum
699 818 741 853 ad
765 816 880 866 aliqua
901 826 1004 864 opera
1024 810 1155 849 seruilia
1172 811 1236 847 ali-

334 871 483 919 qualiter
492 897 503 913 ,
515 884 590 921 quae
602 867 815 919 [impliciter.
831 865 886 903 vel
899 862 1113 915 temporibus
1125 860 1235 899 neces-

334 921 430 960 sariis
443 923 638 972 impediunt
650 921 732 956 istos
742 923 848 956 aetus.
858 917 972 954 Potest
983 926 1096 951 tamen
1109 913 1235 963 aliquis

336 974 370 1010 se
391 973 492 1011 alicui
504 974 648 1010 domino
664 970 830 1021 quantum
846 969 888 1005 ad
909 967 1043 1016 aliquos
1064 967 1156 1002 astus
1172 977 1235 1014 po-

336 1025 504 1066 steriores,
514 1026 574 1075 qui
587 1022 776 1060 subduntur
786 1018 944 1072 operibus
958 1014 1134 1058 naeutae,se
1145 1015 1236 1052 obli·

336 1088 431 1126 gare,
445 1087 483 1111 vt
496 1088 578 1127 puta
589 1075 630 1111 ad
643 1086 768 1122 equum
785 1069 1016 1109 edomandum
1029 1094 1039 1108 ,
1052 1067 1236 1104 colendum

338 1139 462 1163 terram
475 1152 485 1166 .
497 1132 532 1165 &
544 1125 675 1175 aliquid
687 1121 882 1161 huiusmodi
898 1146 909 1163 ,
920 1125 956 1157 in
968 1119 1091 1170 quibus
1105 1117 1235 1155 actibus

338 1175 516 1215 seruilibus
536 1179 584 1213 ita
597 1175 657 1213 fibi
671 1171 959 1223 subiicitur,quod
969 1171 1010 1207 ab
1020 1169 1094 1207 aliis
1108 1168 1237 1220 simpli-

339 1232 428 1265 citer
437 1226 626 1265 neceffariis
637 1240 710 1264 non
722 1226 915 1263 excluditur
927 1248 938 1264 ,
957 1235 1022 1259 nec
1040 1234 1099 1272 per
1117 1219 1236 1257 conse-

341 1292 452 1328 quens
463 1280 482 1315 a
499 1281 679 1316 contractu
701 1274 971 1316 matrimoniali,
982 1284 1236 1323 quantumcun-

341 1337 410 1377 que
434 1331 596 1367 dominus
616 1328 786 1366 dissentiat
799 1353 811 1370 ,
834 1325 943 1378 potest
964 1324 1121 1374 impediri
1140 1325 1237 1364 iuste,

342 1380 535 1419 dummodo
550 1379 610 1417 fibi
625 1381 740 1418 reddat
754 1379 820 1416 alia
833 1390 947 1428 opera.
957 1380 992 1413 ὅ(
1003 1372 1165 1425 obsequia
1173 1373 1234 1412 fibi

341 1431 507 1474 debita,in
519 1432 644 1482 quibus
656 1444 727 1468 non
742 1432 788 1467 est
800 1428 847 1465 sui
863 1430 956 1465 iuris.

390 1484 458 1520 Sed
477 1483 558 1521 licet
569 1485 629 1519 ista
639 1486 728 1518 ratio
742 1479 778 1517 fit
792 1477 979 1530 probabilis
991 1503 1001 1519 ‚
1024 1490 1096 1514 non
1119 1489 1235 1514 tamen

340 1532 525 1571 necessario
537 1533 726 1571 concludit.
752 1534 788 1568 Si
799 1534 890 1567 enim
904 1528 1074 1579 obligatio
1085 1530 1125 1565 ad
1141 1530 1234 1566 actus

339 1585 543 1632 posteriores
564 1584 727 1635 impediat
752 1584 847 1619 aetus
868 1585 996 1631 priores
1026 1583 1234 1630 pertinentes

339 1636 382 1672 ad
394 1634 690 1673 conseruationem
712 1632 856 1684 speciei,
874 1635 956 1682 quia
973 1630 1111 1668 aliunde
1125 1632 1235 1680 potest

339 1686 466 1736 species
499 1683 704 1724 sufficienter
729 1682 919 1722 conseruati
943 1695 1001 1732 per
1022 1684 1116 1719 actus
1147 1683 1234 1719 alio-

337 1751 414 1774 rum
431 1764 442 1779 ,
453 1740 554 1774 etiam
565 1737 588 1775 fi
603 1738 663 1775 isse
675 1749 850 1786 nunquam
863 1732 975 1772 fuilstt
994 1737 1031 1770 in
1050 1746 1161 1771 rerum
1172 1747 1233 1771 na-

338 1800 425 1826 tura.
463 1790 549 1827 Non
573 1789 708 1826 videtur
731 1791 848 1836 itaque
869 1786 966 1837 quod
990 1797 1129 1836 propter
1148 1784 1232 1823 tales

337 1842 432 1876 aistus
446 1838 599 1877 (imiliter
612 1842 740 1889 priores
754 1837 951 1888 (impliciter
962 1836 1160 1874 neceffitios
1172 1851 1234 1874 na-

338 1901 421 1927 turae
446 1892 642 1933 indiuidui,
663 1889 717 1927 vel
740 1887 860 1940 speciei
883 1916 895 1931 ,
918 1887 1039 1925 debeat
1058 1889 1233 1926 dimittere

338 1944 431 1978 actus
448 1943 648 1990 posteriores
659 1939 829 1979 seruitutis
842 1967 853 1983 ,
864 1937 1012 1989 quisunt
1037 1938 1234 1990 simpliciter

339 1993 447 2030 debiti
461 1994 607 2030 domino
620 1991 690 2030 suo.
725 1995 834 2043 Igitur
858 1993 935 2028 cum
949 1989 1006 2027 etfi
1021 1989 1131 2027 seruus
1145 2005 1234 2028 nun-

365 2057 442 2080 uam
466 2044 650 2082 contrahat
660 2070 671 2085 ,
683 2056 746 2080 nec
789 2055 902 2080 eneret
914 2068 926 2084 ,
938 2055 1008 2078 non
1024 2043 1137 2079 minus
1149 2055 1234 2078 con-

338 2056 488 2132 seruetur
506 2095 699 2146 species,&
728 2058 930 2132 sufficienter
950 2092 1236 2142 multiplicabitur

364 2159 399 2182 er
411 2145 498 2183 alios
510 2172 521 2189 ,
534 2160 608 2184 non
623 2148 758 2184 videtur
770 2148 855 2194 quin
880 2142 1008 2196 semper
1029 2136 1134 2194 posset
1156 2148 1235 2196 cogi

337 2159 361 2234 ξ
383 2197 530 2235 domiuo
550 2199 591 2235 ad
612 2200 706 2235 adius
738 2198 940 2248 posteriores
981 2193 1236 2245 persoluendos.

339 2249 430 2286 Istud
453 2250 609 2286 concedo
624 2275 634 2290 ,
647 2255 683 2287 δε
706 2261 789 2285 tunc
809 2259 900 2297 patet
922 2246 964 2282 ad
988 2248 1179 2285 instantiam
1195 2250 1238 2286 de

340 2298 538 2337 neceffitate
550 2305 703 2350 priorum
717 2302 853 2336 adinum
865 2298 905 2334 ad
918 2298 1132 2348 posteriores,
1144 2299 1238 2348 quod

340 2349 422 2388 licet
438 2350 548 2388 sintin
558 2351 675 2401 aliquo
688 2350 883 2399 simplicitet
897 2348 1066 2398 neceffitrij
1084 2363 1175 2390 ‚non
1188 2363 1239 2386 ta-

342 2415 422 2439 men
434 2403 559 2444 inisto,
571 2405 630 2452 qui
643 2402 689 2438 est
711 2399 836 2442 seruus,
849 2403 927 2449 quia
940 2398 1007 2437 fine
1020 2400 1143 2438 talibus
1157 2403 1239 2438 acti-

342 2452 406 2489 bus
419 2455 512 2491 istius
523 2454 634 2503 potest
645 2451 769 2503 species
779 2449 982 2489 sufficienter
1000 2450 1191 2488 conseruari
1205 2457 1240 2489 &

344 2502 581 2552 multiplicari.

394 2555 487 2590 Dico
507 2556 613 2604 igitur
624 2553 719 2602 quod
741 2551 874 2594 seruus,
890 2553 950 2600 qui
975 2552 1021 2587 est
1044 2549 1239 2601 simplicitet·

369 2602 502 2642 oss‘effio
520 2605 653 2640 domini
670 2603 716 2640 sui
734 2601 915 2654 ,quantum
938 2604 978 2638 ad
999 2614 1143 2651 corpus,
1156 2601 1239 2640 ficut

344 2617 411 2693 bos
421 2681 432 2699 ‚
443 2656 498 2692 vel
509 2668 618 2704 equus
629 2682 641 2698 ,
652 2668 724 2692 non
737 2655 844 2705 potest
857 2652 931 2704 ipso
954 2655 1067 2689 inuito
1083 2652 1242 2703 simplici-

346 2719 398 2744 ter
411 2721 491 2744 cum
518 2706 633 2756 aliqua
651 2708 908 2742 matrimonium
931 2704 1134 2741 contrahere
1148 2731 1159 2746 ‚
1179 2718 1243 2742 nec

371 2760 549 2796 otestatem
572 2760 728 2808 corporis
742 2755 789 2794 sui
814 2755 911 2792 alteri
931 2753 1128 2804 simpliciter
1145 2756 1240 2792 exhi-

346 2772 427 2847 bere
441 2836 451 2850 ,
461 2807 515 2846 sed
528 2807 710 2847 secundum
722 2805 800 2858 quid
810 2806 944 2844 tantum
956 2832 967 2847 ,
985 2806 1113 2843 scilicet
1132 2820 1241 2856 quan·

347 2861 421 2898 tum
445 2861 555 2911 potest
587 2858 676 2898 salua
695 2860 821 2900 iustitia
845 2859 980 2894 domini
1005 2855 1064 2894 sui.
1113 2858 1193 2894 [deo
1218 2857 1242 2895 fi

347 2923 505 2962 tempore
515 2937 527 2953 ‚
540 2924 613 2960 quo
625 2911 763 2948 deberet
779 2910 939 2959 occupati
963 2911 999 2944 in
1015 2906 1159 2945 seruitiis
1183 2910 1242 2946 de-

347 2961 431 3000 bitis
445 2963 592 3000 domino
615 2960 699 3004 suo,
723 2973 892 3012 peteretur
920 2960 1065 3010 potestas
1089 2964 1242 3009 corporis

347 3010 398 3050 sui
412 3040 422 3056 ,
435 3018 471 3052 δι
483 3011 560 3050 vsus
569 3017 642 3050 eius
655 3038 664 3053 .
677 3026 747 3050 non
758 3013 868 3062 potest
879 3010 972 3047 illam
984 3009 1175 3060 persoluere
1185 3035 1195 3050 ‚
1207 3016 1243 3050 δι

348 3078 408 3116 per
419 3062 633 3114 consequens
644 3077 716 3101 non
726 3064 836 3113 potest
858 3060 1055 3112 fimpliciter
1077 3062 1244 3111 quantum

348 3115 495 3153 adillam
509 3117 710 3165 potestatem
721 3114 824 3152 alicui
836 3116 949 3149 inuito
972 3113 1117 3149 domino
1129 3111 1161 3149 se
1180 3117 1245 3150 do-

350 3179 439 3204 nare.
466 3165 560 3203 Talis
572 3178 683 3203 autem
708 3166 852 3202 donatio
866 3162 1083 3200 essentialiter
1098 3164 1246 3202 includi-

352 3230 406 3254 tur
418 3223 452 3254 in
463 3219 640 3254 contractu
652 3215 959 3266 matrimonij‚ci*tm
974 3214 1011 3250 fit
1022 3215 1124 3256 mere,
1139 3221 1173 3253 δε
1186 3216 1247 3252 ab-

353 3267 463 3306 soluta
484 3268 659 3307 transsatio
681 3270 856 3319 potestatis
885 3269 920 3302 in
943 3267 1136 3303 dominium
1162 3267 1245 3304 alte-

354 3323 447 3361 rius·,
470 3322 576 3367 igitur
589 3332 661 3356 non
688 3320 796 3369 potest
809 3316 1007 3367 simpliciter
1032 3318 1244 3362 contrahete;

354 3373 460 3421 igitur
470 3370 492 3406 si
505 3371 546 3406 de
559 3369 651 3407 facto
671 3369 876 3406 contrahant
893 3366 978 3404 serui
995 3394 1006 3409 ,
1019 3369 1169 3405 dominis
1182 3369 1248 3406 suis

355 3424 495 3463 inuitis,
512 3418 895 3460 verecomrahuntffed
919 3433 990 3455 non
1012 3418 1146 3469 possunt
1167 3434 1244 3457 mu-

356 3474 417 3510 tuo
434 3471 465 3508 se
478 3474 607 3509 donare
617 3471 803 3522 ,quantum
815 3471 856 3507 ad
871 3472 1069 3518 potestatem
1079 3498 1089 3513 ‚
1103 3470 1162 3507 nifi
1175 3485 1247 3520 quo

355 3524 397 3561 ad
410 3523 487 3560 illos
500 3525 605 3565 aetus,
615 3526 675 3572 qui
687 3537 758 3559 nou
770 3522 962 3571 impediunt
977 3524 1069 3558 astus
1082 3524 1248 3571 posterio-

355 3587 407 3612 res
420 3573 557 3611 debitos
569 3576 719 3610 dominis
732 3571 798 3610 suis
812 3588 820 3610 :
833 3578 868 3609 ὃ(
880 3573 947 3608 hoc
960 3574 1006 3608 est
1028 3572 1125 3608 valde
1134 3575 1247 3610 modi·

356 3639 434 3662 cum
445 3650 457 3667 ‚
474 3628 556 3674 quia
564 3626 698 3661 domini
706 3626 748 3660 de
763 3625 873 3660 stricta
886 3625 1012 3659 iustitia
1023 3622 1154 3673 possent
1165 3637 1248 3661 ven·

356 3677 435 3713 dere
447 3689 552 3712 vnum
564 3677 703 3713 istorum
712 3678 748 3711 in
763 3680 938 3714 tertam,&
950 3678 1125 3724 regionem
1136 3689 1248 3713 remo-

357 3726 525 3770 tam,licut
538 3726 663 3764 bouem
673 3752 684 3769 .
697 3727 750 3763 vel
761 3725 890 3763 asinum
903 3739 965 3776 pro
978 3724 1170 3764 neceffitate
1181 3725 1248 3770 sua,

358 3780 406 3819 ita
424 3779 519 3830 quod
541 3791 715 3826 nunquam
737 3777 851 3826 postea
869 3774 900 3813 se
925 3777 1102 3821 viderent5
1124 3783 1159 3817 &
1179 3778 1249 3818 hoe

541 3830 626 3868 Scoti
635 3840 714 3881 oper.
735 3829 822 3866 Tm.
834 3831 871 3866 Χ
877 3831 906 3866 Ι.
921 3830 997 3865 Pars
1008 3829 1028 3863 1
1036 3832 1064 3866 I.

2053 127 2186 230 823

1302 251 1349 286 est
1370 253 1466 302 quod
1487 253 1614 290 dieitur
1636 250 1746 289 Extra
1768 251 1805 289 de
1826 256 1961 303 coniugio
1973 258 2140 302 seruorum.
2165 260 2200 295 Si

1301 299 1415 339 seruus
1427 305 1609 341 contrahat
1622 308 1735 341 inuito
1758 307 1903 342 domino
1918 334 1929 349 ‚
1944 307 2012 343 hoc
2034 310 2127 356 quod
2141 312 2200 346 ha-

1303 351 1501 396 buit‚dedit‚
1513 361 1547 392 &
1559 369 1629 391 non
1645 356 1730 405 plus.
1739 358 1781 392 Et
1792 359 1871 393 ideo
1885 370 2020 395 tenetur
2035 362 2108 408 post
2120 374 2202 396 con-

1304 404 1448 441 trastum
1460 406 1621 443 consueta
1636 406 1772 444 seruitia
1786 406 1845 443 fibi
1860 410 2011 451 reddere,
2026 414 2060 447 δε
2075 411 2097 447 fi
2110 411 2202 447 obli-

1302 458 1398 504 gatio
1419 458 1531 493 adina
1544 456 1682 495 seruitia
1703 471 1774 494 non
1789 457 1897 508 posset
1915 461 1997 496 stare
2018 474 2094 498 cum
2108 463 2201 498 obli-

1303 509 1444 556 gatione
1454 512 1666 556 matrimonii
1679 534 1689 551 ,
1703 523 1784 561 puta
1794 535 1804 550 ‚
1815 513 1896 559 quia
1913 511 1973 548 illa
1981 516 2203 563 nonpermit-

1303 569 1415 596 terent
1439 557 1526 596 solui
1550 560 1702 597 debitum
1726 561 1909 611 coniugale
1930 589 1941 604 ‚
1959 563 2037 598 cum
2061 568 2202 614 petitur,

1303 610 1397 656 quod
1409 609 1596 647 includitur
1616 624 1675 661 per
1688 610 1719 648 se
1730 615 1766 647 in
1785 613 2001 662 obligatione
2023 619 2200 653 matrimo-

1303 659 1400 701 niali,
1412 674 1484 698 non
1496 663 1608 699 minus
1625 675 1718 699 tenet
1731 662 1903 712 obligatio
1917 667 2020 714 prior.

1354 712 1390 747 Si
1413 725 1527 749 autem
1546 712 1631 750 serui
1655 714 1865 751 contrahunt
1886 716 1929 751 de
1952 713 2116 752 consensu
2135 715 2199 752 do-

1303 763 1478 800 minorum
1492 790 1502 806 ,
1514 776 1599 801 tunc
1617 765 1698 801 dico
1718 765 1814 814 quod
1829 767 1963 802 domini
1988 766 2200 803 lieentiando

1303 824 1363 848 eos
1378 815 1420 849 ad
1430 818 1646 866 coniugium,
1656 817 1854 852 diminuunt
1866 818 1908 853 de
1919 821 1991 854 iure
2003 816 2062 854 suo
2074 843 2084 859 ‚
2095 823 2130 855 &
2140 832 2200 855 eos

1304 861 1486 903 absoluunt
1508 866 1676 917 implicite
1698 868 1716 903 a
1743 866 1889 904 seruitiis
1918 868 2202 919 incompoffibili·

1304 913 1368 950 bus
1387 914 1466 952 fidei
1479 918 1654 967 coniugali
1669 934 1678 961 ;
1693 923 1728 955 δι
1745 916 1788 954 fic
1807 932 1879 967 quo
1893 920 1934 955 ad
1958 920 2094 968 aliquos
2108 922 2201 957 naus

1304 964 1366 1002 fibi
1379 967 1514 1004 debitos
1525 970 1671 1006 reddunt
1683 982 1742 1005 eos
1755 968 1883 1007 liberos
1896 996 1906 1011 ,
1923 975 1957 1008 &
1980 974 2124 1021 propriae
2138 985 2202 1022 po·

1305 1017 1445 1055 testatis.
1470 1021 1570 1056 Vnde
1585 1019 1607 1056 fi
1618 1021 1777 1057 dominus
1792 1023 1904 1070 postea
1924 1020 2008 1058 tales
2027 1026 2063 1058 in
2077 1035 2202 1059 terram

1305 1067 1534 1119 longinquam
1554 1071 1716 1108 venderet
1732 1097 1743 1113 ,
1755 1072 1809 1108 vel
1832 1075 1948 1109 nimiis
1967 1072 2140 1122 obsequiis
2153 1087 2204 1110 ar-

1305 1121 1411 1156 &aret
1421 1146 1432 1162 ,
1444 1122 1498 1156 vel
1510 1121 1627 1172 aliquo
1638 1123 1744 1158 modo
1758 1123 1826 1159 alio
1845 1123 1886 1160 ab
1908 1127 2057 1161 inuicem
2073 1123 2203 1174 separa-

1306 1182 1370 1212 ret,
1385 1185 1457 1221 quo
1471 1177 1571 1210 certis
1584 1172 1796 1223 temporibus
1809 1188 1880 1211 non
1894 1172 2027 1225 pnlsent
2040 1174 2098 1211 fibi
2112 1178 2204 1213 inui-

1306 1234 1380 1257 cem
1406 1223 1562 1261 debitum
1583 1226 1722 1261 reddere
1735 1250 1746 1266 ,
1765 1231 1800 1263 δε
1813 1224 2004 1276 persoluere
2017 1252 2027 1267 ‚
2046 1239 2202 1277 peccaret

1305 1273 1495 1311 mortaliter
1517 1301 1528 1317 ,
1546 1281 1582 1314 ει
1604 1274 1741 1312 censura
1773 1276 2001 1314 Ecclesiastica
2024 1279 2202 1327 cogendus

1304 1322 1384 1360 esset
1394 1325 1567 1363 dimittere
1586 1326 1772 1367 eoslibere
1786 1354 1797 1367 .
1810 1330 1979 1376 quantum
1993 1329 2034 1364 ad
2057 1329 2125 1365 tale
2142 1331 2199 1365 de-

1304 1374 1416 1412 bitum
1439 1377 1622 1429 coniugale
1642 1376 1916 1427 persoluendum.
1963 1381 2075 1417 Potest
2093 1382 2200 1430 igitur

1304 1423 1417 1463 seruus
1430 1430 1543 1466 inuito
1555 1431 1702 1466 domino
1722 1431 1927 1467 contrahere
1948 1443 2022 1467 non
2039 1430 2200 1481 (implici-

1305 1476 1426 1519 ter,sed
1439 1480 1571 1517 tantum
1586 1480 1768 1517 secundum
1780 1481 1856 1530 quid
1873 1483 1913 1518 ad
1928 1482 2077 1519 dandum
2089 1509 2098 1522 ,
2112 1481 2200 1519 scili·

1305 1541 1358 1565 eet
1371 1528 1404 1565 se
1416 1542 1582 1579 quantum
1595 1533 1752 1582 potest‚&
1763 1546 1836 1570 non
1850 1531 2065 1584 (impliciter,
2076 1538 2109 1571 δι
2121 1533 2202 1571 sicut

1304 1579 1350 1616 est
1359 1582 1493 1619 domini
1508 1580 1566 1619 sui.

1355 1633 1460 1669 Dices
1471 1634 1565 1682 quod
1578 1647 1616 1672 ex
1628 1648 1699 1684 quo
1722 1636 1830 1684 potest
1847 1634 1890 1672 fic
1900 1635 2103 1672 contrahere
2113 1661 2122 1677 ,
2136 1639 2209 1686 pati

1304 1685 1440 1720 ratione
1450 1685 1556 1734 poll'et
1568 1686 1774 1724 contrahere
1786 1699 1863 1723 cum
1891 1686 1998 1723 libera
2010 1713 2021 1730 ,
2035 1685 2119 1724 ficut
2131 1701 2210 1725 cum

1304 1747 1379 1771 non
1392 1735 1518 1777 libera,
1537 1741 1619 1787 quia
1632 1736 1757 1775 scilicet
1770 1736 1815 1774 fic
1837 1736 1944 1789 posset
1970 1739 2050 1774 dare
2061 1740 2211 1788 potesta-

1305 1798 1374 1823 tem
1387 1790 1543 1838 corporis
1561 1787 1727 1838 sui,quam
1742 1788 1844 1826 habet
1858 1793 1915 1825 vni
1931 1787 2016 1825 ficut
2028 1788 2139 1826 alteri.

1355 1840 1447 1875 Dico
1468 1840 1565 1889 quod
1586 1839 1609 1876 fi
1627 1839 1734 1877 libera
1751 1838 1832 1877 sciat
1847 1838 1957 1891 ipsum
1981 1841 2045 1877 else
2061 1838 2212 1882 seruum,

1304 1901 1369 1926 nec
1390 1888 1589 1938 {impliciter
1614 1890 1798 1927 habentem
1823 1892 2029 1942 potestatem
2054 1896 2212 1942 corporis

1304 1938 1356 1978 sui
1368 1967 1379 1982 ‚
1393 1946 1428 1979 δε
1440 1954 1554 1978 tamen
1565 1940 1688 1979 sufficit
1711 1941 1771 1979 fibi
1786 1942 1911 1980 habere
1935 1941 2031 1979 vsum
2054 1946 2211 1995 corporis

1305 1994 1377 2028 eius
1391 2018 1401 2033 ,
1415 1997 1450 2030 δε
1465 1994 1666 2041 potestatem
1690 1993 1826 2043 qualem
1840 1994 1950 2044 potest
1963 1996 1996 2030 ei
2011 1994 2091 2030 dare
2104 2020 2114 2035 ,
2127 2006 2211 2031 tunc

1305 2056 1424 2080 verum
1436 2045 1481 2081 est
1490 2047 1753 2082 matrimonium
1770 2048 1860 2082 inter
1878 2047 2039 2094 e‘os‚quia
2049 2047 2210 2083 conditio

1307 2097 1404 2143 peior
1416 2108 1489 2132 non
1502 2097 1649 2146 impedit
1662 2094 1723 2132 nifi
1738 2089 1910 2147 ignorata,
1922 2101 1956 2134 δι
1967 2095 2090 2132 nolita.
2102 2099 2136 2134 Si
2149 2111 2207 2134 au·

1307 2157 1377 2183 tem
1391 2145 1497 2183 libera
1516 2150 1654 2198 ignoret
1671 2145 1780 2198 ipsum
1807 2146 1872 2184 effe
1883 2145 2038 2189 seruum,
2066 2149 2206 2186 credens

1307 2195 1415 2246 ipsum
1429 2195 1494 2234 effe
1507 2197 1653 2236 liberum
1665 2224 1676 2241 ,
1688 2211 1774 2236 tunc
1785 2201 2048 2235 matrimonium
2061 2199 2108 2236 est
2129 2200 2207 2237 nul—

1308 2248 1378 2285 lum
1390 2275 1401 2290 ‚
1412 2253 1492 2298 quia
1505 2263 1582 2286 cum
1604 2253 1866 2287 matrimonium
1891 2249 1930 2287 fit
1942 2251 2090 2286 donatio
2102 2255 2207 2300 aequi·

1309 2299 1454 2337 ualentis
1467 2314 1530 2350 pro
1541 2301 1760 2351 aequiualenti
1775 2301 1944 2350 quantum
1954 2301 1996 2336 ad
2011 2301 2210 2349 potestatem

1309 2365 1494 2401 corporum
1510 2378 1521 2394 ,
1532 2352 1553 2388 fi
1567 2356 1603 2388 in
1616 2365 1686 2388 vno
1703 2351 1930 2387 contrahente
1947 2363 2019 2386 non
2032 2354 2210 2390 inuenitur

1309 2405 1346 2438 in
1364 2416 1435 2451 quo
1446 2403 1646 2439 credebatur
1664 2400 1781 2441 fuisse,
1803 2401 1936 2438 nullum
1949 2404 2013 2438 erit
2031 2407 2210 2440 martimo·

1311 2465 1421 2489 nium.

1361 2503 1414 2539 Ad
1428 2504 1574 2551 primum
1590 2515 1829 2553 argumentum
1841 2506 1876 2539 in
1890 2502 2086 2552 oppositum
2103 2531 2113 2546 ,
2129 2505 2209 2542 dico

1311 2554 1405 2602 quod
1417 2553 1528 2593 seruus
1544 2568 1616 2590 non
1629 2556 1675 2590 est
1689 2553 1843 2603 poss‘effio
1865 2555 2000 2591 domini
2013 2555 2061 2591 sui
2071 2581 2082 2597 ,
2095 2559 2210 2606 quoad

1311 2617 1431 2641 omnes
1442 2607 1534 2641 acriis
1545 2609 1616 2642 eius
1631 2632 1641 2646 ‚
1655 2610 1739 2654 quin
1753 2607 1824 2641 imo
1839 2607 1953 2654 quoad
1967 2606 2103 2655 aliquos
2118 2609 2210 2644 aetus

1312 2655 1415 2692 fuerit
1429 2655 1527 2697 liber,
1539 2662 1573 2694 &
1586 2655 1633 2692 sui
1647 2659 1729 2692 iuris
1741 2682 1752 2697 ,
1768 2659 1908 2706 quando
1922 2655 2047 2693 scilicet
2067 2672 2138 2694 non
2151 2672 2212 2694 oc-

1313 2710 1499 2757 cupaturin
1512 2705 1656 2744 seruitiis
1669 2709 1802 2744 domini
1817 2707 1914 2747 sui‚&
1930 2709 2042 2757 quoad
2058 2707 2137 2744 illos
2152 2722 2215 2758 po-

1314 2759 1375 2793 test
1401 2758 1432 2794 so
1451 2759 1580 2795 donare
1602 2759 1711 2795 alteri.
1761 2761 1796 2795 Si
1817 2772 1930 2795 aurem
1952 2759 1990 2795 lit
2011 2759 2214 2809 [impliciter

1315 2808 1468 2858 polseffio
1481 2811 1666 2849 domini‚vt
1681 2809 1812 2851 bos‚vel
1825 2823 1931 2858 equus
1945 2835 1954 2849 ‚
1968 2822 2051 2846 tunc
2066 2812 2108 2847 ad
2124 2811 2214 2848 nihil

1315 2861 1425 2910 potest
1437 2859 1469 2896 se
1481 2861 1609 2896 donare
1622 2860 1716 2897 alteri
1731 2888 1743 2904 ‚
1757 2874 1828 2898 non
1865 2860 1916 2897 lus
1940 2862 2043 2910 quam
2057 2860 2121 2898 bos
2134 2889 2145 2903 ,
2158 2862 2214 2899 vel

1315 2923 1433 2961 equus.
1461 2912 1515 2947 Ad
1526 2914 1618 2948 astus
1629 2915 1746 2955 etiarn,
1759 2916 1818 2961 qui
1834 2874 1912 2948 sum
1923 2915 1963 2948 ad
1977 2911 2214 2950 conseruatio-

1315 2975 1392 2998 nem
1405 2962 1572 2999 indiuidui
1588 2962 1786 3013 (impliciter
1799 2963 1967 3010 neccffirij
1981 2976 2116 3000 tenetur
2128 2990 2138 3005 ,
2152 2978 2216 3002 nec

1315 3014 1357 3049 ad
1367 3013 1543 3063 oppositos
1557 3016 1666 3064 potest
1682 3015 1843 3051 dominus
1864 3018 1935 3050 eius
1949 3013 2056 3064 ipsum
2080 3016 2218 3066 obliga·

1315 3077 1351 3100 re
1362 3064 1551 3115 ‚quiaipfis
1564 3064 1802 3102 deficientibus
1813 3065 1928 3103 deficit
1950 3069 1987 3101 in
2005 3078 2049 3102 eo
2064 3067 2117 3114 ff
2139 3066 2215 3103 sim·

1316 3114 1453 3166 pliciter
1466 3140 1476 3155 ,
1485 3121 1521 3153 &
1531 3117 1583 3163 ff
1595 3115 1778 3154 seruitutis.

1369 3168 1421 3203 Ad
1436 3164 1635 3209 secundum,
1648 3168 1729 3204 dico
1741 3167 1836 3217 quod
1847 3180 1920 3204 non
1932 3169 1978 3205 est
1990 3166 2098 3206 fimile
2110 3193 2121 3210 ,
2132 3171 2215 3218 quia

1317 3216 1396 3253 licet
1409 3216 1509 3254 fauor
1518 3221 1628 3254 maior
1640 3216 1679 3255 fit
1689 3218 1886 3267 Religionis
1909 3220 2073 3269 ingrelsus
2087 3245 2098 3261 ‚
2111 3222 2214 3269 quam

1316 3271 1528 3318 matrimonij
1556 3271 1752 3306 contractus
1774 3285 1784 3314 ς
1804 3282 1918 3307 tamen
1936 3269 2102 3320 profeffio
2129 3269 2215 3308 serui

1317 3321 1352 3354 in
1362 3318 1548 3369 Religione
1557 3323 1665 3371 magis
1680 3322 1866 3370 preiudicat
1877 3322 2023 3358 domino
2036 3321 2216 3371 suo,quam

1317 3369 1490 3420 obligatio
1504 3374 1539 3408 in
1552 3375 1810 3408 matrimonium
1822 3397 1832 3412 ,
1845 3376 1926 3421 quia
1939 3376 1998 3421 qui
2011 3372 2217 3423 profitentur

1316 3420 1635 3472 Religionem,subd
1643 3425 1679 3459 fit
1693 3421 1724 3459 se
1735 3424 2029 3473 potestatil’raelati
2042 3423 2217 3474 sui,quan-

1319 3472 1392 3508 tum
1406 3474 1446 3508 ad
1460 3485 1564 3524 opera
1574 3498 1586 3516 ,
1597 3477 1633 3509 in
1646 3473 1771 3523 quibus
1783 3472 1886 3511 essent
1898 3472 2040 3512 subiecti
2061 3476 2215 3512 dominis

1318 3522 1384 3559 suis
1397 3523 1477 3559 alias
1488 3550 1497 3563 ‚
1510 3529 1546 3562 &
1557 3527 1605 3560 ita
1615 3525 1710 3561 tollit
1722 3525 1896 3562 seruitium
1910 3527 2044 3563 domini
2062 3552 2072 3567 ,
2086 3539 2157 3563 non
2173 3525 2217 3563 fic

1318 3576 1355 3610 in
1383 3578 1618 3612 matrimonio.
1641 3575 1785 3613 Ecclefia
1810 3588 1924 3613 autem
1943 3576 2076 3614 nullum
2101 3578 2216 3615 voluit

1319 3625 1535 3674 priuilegiare
1545 3630 1580 3663 in
1592 3629 1825 3675 praeiudicium
1844 3627 1982 3665 alterius
1997 3653 2008 3668 ‚
2020 3633 2054 3666 δι
2066 3628 2145 3665 ideo
2168 3628 2217 3665 as·

1319 3674 1490 3726 sumptum
1502 3678 1548 3714 est
1562 3676 1681 3715 falsum
1696 3683 1751 3722 3&
1763 3679 1846 3715 dato
1868 3678 1962 3728 quod
1974 3691 2045 3714 non
2057 3677 2136 3715 effer
2149 3679 2216 3716 fal·

1320 3725 1390 3763 sum
1405 3753 1416 3768 ,
1425 3727 1537 3764 adhue
1550 3728 1711 3777 probatio
1722 3742 1794 3767 non
1810 3729 1911 3768 valet.
1922 3729 2055 3767 Patebit
2066 3730 2158 3767 infra
2171 3731 2216 3768 de

1320 3790 1406 3816 voto
1416 3776 1571 3819 solemni.

1808 3846 1828 3869 z
1882 3844 1900 3868 ι
2046 3831 2212 3868 SCHO

2228 710 2358 793 Βιβλὶς
2375 764 2402 783 2.

2226 1370 2321 1396 Seruus
2336 1365 2423 1396 domi-

2228 1418 2261 1437 na
2273 1409 2424 1437 licent-'an-

2227 1458 2256 1479 te
2266 1450 2424 1484 contrahens

2230 1490 2320 1531 quoad
2328 1493 2425 1519 coniu-

2225 1533 2306 1571 galia
2333 1533 2367 1571 eft
2388 1532 2425 1560 1⁸·-

2228 1575 2284 1607 ber.

2250 2099 2373 2128 seru-'m

2230 2140 2325 2178 ἔχειν·
2356 2138 2433 2169 tollit

2232 2181 2420 2212 matrimonii.

2232 2231 2296 2253 uera
2315 2221 2381 2252 νηὶ

2232 2275 2293 2296 non.

2300 2505 2315 2531 1
2325 2505 2345 2530 2
2353 2521 2363 2530 .

2235 2550 2286 2579 Ad
2310 2551 2431 2587 primun

2233 2601 2340 2630 argum.

2236 3160 2287 3191 aa
2291 3159 2430 3200 scena-0».
