2736 4042
215 893 253 921 2.

135 938 269 976 Re'q'cirur
281 947 305 967 r.

133 981 207 1008 urio
216 980 326 1010 arho-

134 1029 188 1051 ma.

1045 105 1407 214 Qaestio
1473 102 1526 188 l.

354 238 407 288 ‘ffl
422 241 585 275 terminum
610 240 770 276 creationis
783 264 794 279 ,
817 240 856 284 &J
877 236 1013 283 efflatam
1035 237 1254 285 vniuersaliffi-

355 304 438 326 num
452 293 528 337 ,fili
542 295 606 328 Deo
618 292 819 327 tribuendam.
841 293 949 338 chci't
969 292 1063 323 eriam
1082 289 1163 337 quod
1181 291 1258 324 dicii

354 341 391 377 de
402 342 595 388 instrumento
604 369 615 383 ‚
627 350 665 381 0·
676 345 720 377 illi
728 357 754 376 u
776 355 842 375 com
847 343 917 386 ursii
929 366 940 380 ,
956 338 1068 389 optime¹
1078 340 1258 389 explicando

355 392 431 440 quid
449 394 493 427 ad
514 397 659 428 mri'unem
678 394 872 427 instrumenti
894 397 1089 439 requiro-rum
1109 392 1259 439 dequoin

355 446 459 480 (Li-an.
469 439 515 478 hir
528 444 694 491 qast-46¹
707 449 736 478 d.
757 461 765 477 ι
774 440 900 490 &quast
910 456 917 476 i
927 445 974 480 ,ὠ
987 443 1119 488 dquass.
1136 456 1166 484 5.
1175 444 1213 480 ό·
1224 441 1257 478 d.

360 509 374 531 1
386 509 413 539 5.
423 493 517 543 quast.
527 512 547 529 i.
559 494 603 529 ad
613 508 643 537 5.
654 498 693 534 ώ-
702 496 734 528 ia
747 496 827 529 trae}
847 497 884 526 de
894 496 1113 542 Rerumpri'nc.
1128 491 1256 541 quast-6.

354 557 454 582 arm..
476 542 610 580 Secundi
622 571 632 586 ,
643 547 750 593 refellit
759 549 907 579 radonem
927 547 1058 579 Henra'u‘
1080 543 1118 578 de
1134 544 1258 590 infinita

354 595 502 642 distantia
511 621 522 637 ,
539 600 612 644 qui'ae
630 596 776 646 dest-amia
786 608 875 631 eamn
886 597 932 629 est
952 621 961 636 ,
981 606 1128 643 quantum
1141 593 1184 640 est
1193 608 1258 630 me-

355 646 442 682 dium
451 651 631 682 interiacens
640 673 652 689 ‚
675 650 727 682 vel
729 647 765 694 fi
781 660 841 681 non
860 645 901 691 est
912 646 1044 680 medinm
1052 671 1062 686 ‚
1084 657 1202 694 quanta
1211 646 1259 680 eff

354 702 466 733 entitas
477 701 570 734 vniiu
578 702 708 733 exirem·
717 714 728 742 3
753 702 792 737 cy·
803 710 888 732 omne
898 711 950 731 ens
959 696 1087 732 creabile
1095 697 1258 746 oppifieum

354 748 451 784 nihilo
461 747 633 794 estfim‘emn
644 775 655 791 ,
670 752 708 789 (9-
719 749 767 795 fic
777 753 839 782 eius
853 747 1028 794 ‘instantiae
1040 747 1134 783 ni'hilo
1144 747 1254 796 triefi-

354 803 433 837 m‘tae.
450 798 570 843 Tmio‘,
579 801 694 848 reficiat
706 802 785 836 aliu
791 799 867 835 duas
879 801 1010 835 raciones
1020 798 1166 848 eAEgi‘dq'.

398 902 463 937 Stae
482 903 633 938 tationes
651 915 724 938 non
748 902 909 938 videntur
930 901 1018 938 mihi
1037 899 1256 938 concludere.

398 954 510 988 Prima
532 966 622 989 non:
636 954 714 990 ciii-n
735 958 828 989 enim
842 954 925 989 dicit
939 953 1033 1001 quod
1048 953 1099 999 ff
1112 953 1158 988 est
1171 965 1253 1000 pro-

357 1006 450 1051 prius
464 1001 605 1040 effeetus
617 1007 706 1046 Dei,
728 1005 797 1041 hoc
815 1005 862 1041 est
882 1003 1025 1047 falsuui3
1046 1007 1127 1052 quia
1140 1003 1256 1051 quod-

355 1066 422 1090 cun
451 1067 492 1090 ue
511 1068 635 1104 agens,
647 1057 744 1105 quod
758 1056 866 1104 potest
888 1070 1001 1091 creare
1014 1052 1258 1102 compolitum,

355 1104 410 1141 vel
444 1118 574 1141 ormam
588 1111 624 1143 iri
634 1110 790 1148 materia,
802 1107 910 1157 potest
922 1119 1034 1142 creare
1045 1105 1096 1153 effe
1108 1118 1255 1155 compo-

352 1153 420 1196 siti,
433 1159 513 1205 quia
526 1171 597 1193 non
612 1158 659 1194 est
671 1158 891 1208 intelligibile
902 1155 1051 1193 formam
1064 1154 1129 1192 elle
1142 1159 1178 1192 in
1187 1169 1260 1192 ma-

350 1209 488 1248 teria,&
501 1220 615 1245 tamen
628 1210 723 1259 quod
735 1208 964 1259 compositum
978 1222 1048 1244 non
1061 1206 1184 1244 habeat
1193 1207 1258 1255 φὶς

349 1270 431 1294 nam
443 1256 465 1293 fi
479 1259 531 1308 effe
544 1256 622 1297 effer
637 1261 780 1310 aliquod
793 1261 952 1297 accidens
972 1271 1123 1296 creatum
1143 1259 1162 1295 xa
1186 1257 1260 1296 solo

349 1311 444 1351 Deo,
455 1323 489 1346 vt
505 1310 565 1361 ipsi
580 1315 811 1362 imaginantur
821 1337 833 1353 ,
845 1318 879 1349 ὅ(
894 1314 987 1347 Dens
1000 1324 1071 1346 noti
1081 1309 1258 1347 neceffite·

351 1370 408 1396 tur
421 1361 465 1397 ad
485 1362 580 1399 aliud
602 1375 753 1399 creatum
779 1362 1038 1412 producendum
1049 1386 1060 1403 ,
1081 1365 1259 1411 generatio

350 1411 535 1461 compositi
554 1411 661 1463 poffet
685 1412 751 1451 effe
762 1415 803 1450 ad
825 1426 871 1450 tei
879 1417 1011 1450 minum
1026 1411 1120 1450 suum
1133 1417 1191 1453 ,δι
1203 1425 1256 1451 ta-

351 1473 432 1498 men
445 1461 516 1500 fine
527 1465 590 1511 ff,
604 1465 699 1514 quod
710 1466 756 1501 est
771 1462 1070 1514 impoffibile,c=‘1m
1081 1467 1260 1514 generatio

350 1514 466 1563 primo
487 1518 690 1553 terminetur
710 1515 837 1567 adffi
850 1529 939 1567 prgo
952 1518 1048 1553 euius
1066 1513 1261 1552 causalitate

352 1564 400 1600 est
413 1568 554 1602 materia
567 1563 627 1604 sub
648 1564 782 1609 forma,
805 1572 839 1604 δι
854 1566 968 1604 forma
981 1569 1085 1603 etiam
1099 1568 1136 1602 in
1147 1578 1258 1603 mate-

353 1617 404 1651 ria
414 1641 425 1657 ,
438 1615 586 1654 eiusdem
607 1616 804 1655 causalitate
825 1621 931 1655 etiam
952 1616 1182 1667 compositum
1199 1617 1259 1655 lia-

352 1665 412 1703 bet
432 1669 484 1716 effe
504 1665 581 1705 ised
602 1682 708 1720 agens
724 1679 875 1706 creatum
905 1668 1009 1705 habet
1030 1666 1260 1706 causalitatem

327 1726 329 1728 “
351 1715 450 1768 super
460 1718 513 1766 ff
524 1719 719 1771 compositi:
728 1733 802 1758 uon
813 1721 859 1758 est
871 1733 956 1771 ergo
964 1720 1018 1769 effi
1030 1718 1174 1758 effeflms
1183 1733 1262 1771 pro-

159 1816 330 1858 confutatur

353 1771 446 1819 prius
458 1770 540 1808 Deo
553 1768 630 1810 soli.

403 1822 482 1858 Nec
501 1821 665 1872 probatio
684 1824 800 1873 primae
812 1824 957 1861 rationis
977 1823 1100 1861 iustum
1121 1836 1180 1874 per
1192 1824 1263 1862 hoc

316 1918 322 1923 ἱ
355 1871 534 1910 concludit
546 1899 558 1915 ,
571 1873 649 1911 eum
659 1877 753 1912 enim
764 1876 847 1912 dicit
860 1875 955 1925 quod
966 1874 1106 1912 effecius
1119 1877 1261 1912 vniuer-

355 1919 532 1962 saliffimus
556 1924 659 1962 habet
677 1927 793 1963 reduci
814 1927 856 1963 ad
876 1925 1009 1963 causam
1022 1925 1264 1964 vniuersaliffi-

355 1986 447 2011 mam
459 2001 472 2018 ‚
481 1976 656 2027 distinguo
667 1977 710 2014 de
723 1977 853 2027 duplici
868 1975 1072 2020 vniuersali3
1085 1978 1262 2027 quoddam

355 2029 448 2062 enim
462 2027 509 2064 est
523 2026 712 2065 vniuersale
726 2027 909 2066 secundum
920 2029 1217 2078 praedicationem,
1227 2034 1266 2068 δε

283 2087 290 2098 ’
354 2081 663 2122 communitatem
685 2079 862 2129 quoddam
875 2079 1060 2117 secundum
1081 2076 1267 2129 perfeffio-

275 2171 285 2181 ⁴
316 2126 328 2133 ‘
354 2134 503 2170 nem,&
527 2133 782 2168 continentiam
799 2131 995 2168 virtualem.
1015 2132 1127 2181 Qod
1139 2132 1266 2169 dicitur

355 2178 546 2218 vniueisale
572 2179 759 2219 secundum
781 2180 1032 2224 causalitatem
1057 2188 1091 2220 ὅ(
1115 2196 1266 2232 vtroque

354 2233 464 2267 modo
485 2231 587 2270 habet
610 2232 752 2270 effectus
766 2231 1066 2270 vniueisaliffimus
1085 2235 1201 2272 reduci
1221 2235 1265 2271 ad

352 2281 486 2320 causam
509 2281 835 2321 vniuersaliffimam.
947 2286 1018 2320 ndo
1039 2298 1124 2335 ergo
1137 2286 1265 2323 dicitur

353 2336 391 2369 in
405 2337 528 2371 maiori
539 2360 551 2375 ,
562 2337 658 2385 quod
676 2333 797 2382 efflatu
809 2335 1076 2384 vniueffaeli‘ffimus
1087 2335 1130 2382 est
1139 2336 1161 2372 ἆ
1170 2339 1262 2385 causis

350 2385 605 2432 vnlnerfili'ffi'ma
624 2403 635 2431 5
662 2385 684 2422 fi
708 2387 919 2437 intelligitur
940 2389 983 2424 de
1008 2389 1263 2426 vniuersalirate

351 2434 552 2477 causaliter,
563 2442 598 2475 &
613 2437 806 2474 virtualiter
820 2463 831 2479 ,
850 2437 893 2475 (ic
907 2451 1040 2475 tantum
1053 2438 1148 2476 valet
1162 2465 1172 2481 ,
1186 2454 1224 2477 ac
1238 2440 1261 2476 fi

352 2487 524 2524 diceretur
533 2488 629 2536 quod
641 2487 781 2525 effeetus
802 2488 1034 2527 nobiliffimus
1046 2515 1058 2530 ‚
1071 2495 1106 2528 δι
1116 2493 1264 2528 maxime

352 2537 547 2575 virtualiter
560 2540 634 2575 est‘a
645 2537 743 2576 causa
763 2539 973 2577 nobiliffima
984 2567 995 2582 ‚
1011 2547 1046 2579 &
1062 2541 1264 2592 perfeffiffi-

351 2602 409 2625 ma
422 2593 458 2625 in
471 2592 600 2626 virtute
610 2616 620 2631 ‚
630 2595 666 2627 &
677 2589 720 2625 fic
734 2593 781 2625 est
792 2595 904 2626 maior
918 2606 996 2629 vera
1009 2617 1019 2633 ,
1029 2597 1061 2629 δι
1077 2595 1141 2629 isto
1153 2597 1262 2631 modo

351 2636 494 2678 effeetus
509 2638 809 2678 vniuersalifflmus
827 2642 873 2677 est
887 2645 1016 2690 primus
1032 2645 1186 2693 Angelus
1199 2672 1211 2687 ‚
1226 2652 1262 2683 δι

350 2691 510 2729 nobilior
521 2705 673 2728 creatura
684 2694 792 2728 {Deo
810 2694 986 2741 producta.
1000 2695 1064 2730 Sed
1078 2696 1155 2731 clim
1170 2697 1258 2734 dici-

353 2755 410 2779 tur
422 2745 457 2778 in
476 2745 613 2780 minore
627 2769 636 2784 ‚
653 2745 748 2792 quod
760 2744 866 2791 effiest
878 2744 955 2780 talis
968 2743 1109 2782 effectus
1120 2750 1259 2784 vniuer-

350 2792 733 2838 saliffimussssecundtim
748 2797 911 2832 virtutem
930 2821 942 2837 ‚
961 2795 1082 2833 falsum
1095 2799 1140 2833 est
1153 2824 1163 2839 ,
1179 2803 1262 2848 quia

350 2844 403 2892 effi
414 2859 486 2881 non
498 2846 545 2881 est
558 2843 787 2882 nobiliffimus
805 2844 944 2883 effeetus
956 2851 1023 2884 Dei
1040 2873 1050 2888 ,
1067 2847 1121 2885 sed
1135 2852 1262 2900 imper-

352 2895 553 2934 fefflffimus
565 2901 666 2947 ‚quia
679 2911 738 2947 pet
752 2899 783 2933 le
798 2898 985 2936 includitur
1006 2902 1040 2935 in
1053 2896 1175 2937 effectu
1188 2906 1261 2940 eius

352 2947 674 2997 imperfectiffim03
694 2947 783 2984 nihil
806 2954 898 2986 enim
922 2950 968 2985 est
990 2952 1026 2986 in
1041 2951 1200 2989 vniuetso
1214 2957 1262 2992 ita

350 2998 592 3048 imperfeclum
603 3025 615 3041 ,
635 3013 721 3048 quin
736 3000 887 3036 includat
899 3002 951 3048 effi
963 3027 974 3042 ,
989 3006 1024 3038 &
1037 3016 1142 3040 omne
1154 3018 1171 3039 a
1199 3018 1259 3043 ens

351 3050 586 3100 quodcunque
607 3064 731 3101 potens
752 3050 847 3101 super
865 3053 1030 3100 aliquod,
1043 3056 1152 3103 potest
1180 3070 1262 3105 uper

351 3102 403 3149 ff
414 3115 422 3138 :
435 3115 619 3138 commune
633 3108 726 3138 enim
743 3104 787 3138 cst
802 3102 983 3140 secundum
996 3102 1028 3140 se
1039 3105 1260 3154 perfe&is,&

353 3151 575 3201 imperfeffis.
601 3155 637 3190 Si
655 3166 768 3189 autem
785 3155 998 3204 intelligatur
1018 3160 1128 3193 maior
1140 3183 1151 3199 ‚
1163 3160 1259 3207 quod

353 3202 496 3241 effeetus
517 3203 815 3241 viiiuersaliffimus
838 3207 1081 3255 praedicatione
1096 3208 1197 3246 habet
1210 3224 1257 3248 re-

354 3257 432 3291 duci
455 3259 491 3291 in
515 3254 647 3291 causam
667 3253 982 3293 vniucrsaliffimam
1003 3261 1258 3307 praedicatione,

354 3307 422 3342 hoc
431 3307 476 3342 est
493 3305 627 3347 falsum,
641 3311 720 3355 quia
731 3305 870 3344 effectus
884 3310 1084 3347 vniucrsalis
1098 3313 1259 3360 ptaedica—

353 3360 452 3394 tione
473 3357 575 3395 habet
600 3359 714 3394 reduci
728 3361 764 3394 in
788 3357 920 3395 causam
944 3360 1257 3402 vniuersalissimam

353 3410 618 3459 praedicatione‚
630 3414 664 3447 ὅ(
687 3409 1012 3459 imperfestiffimam
1025 3437 1034 3452 ‚
1044 3426 1080 3450 vt
1094 3416 1130 3449 in
1145 3415 1258 3463 plures

355 3458 468 3496 causas
483 3484 493 3500 ‚
505 3463 587 3508 quia
598 3463 633 3496 in
648 3473 770 3497 omnes
787 3459 900 3497 causas
918 3488 929 3504 ,
946 3468 980 3500 &
995 3468 1114 3500 nonin
1127 3465 1259 3503 causam

353 3516 498 3561 primam
514 3536 524 3550 ,
544 3524 579 3548 vt
592 3512 638 3548 est
651 3515 808 3561 proprius
818 3510 958 3563 effectus
972 3539 983 3555 ,
994 3520 1073 3560 quia
1086 3518 1157 3552 eius
1178 3530 1259 3566 pro·

352 3566 447 3613 ptius
461 3558 602 3598 effectus
614 3563 660 3599 est
677 3562 939 3611 perfeffiffimus
953 3590 964 3606 ,
977 3565 1036 3602 iste
1048 3566 1123 3603 talis
1138 3569 1259 3605 estim-

354 3611 614 3664 perfestiffimus
632 3638 642 3654 ‚
666 3626 744 3649 narn
770 3614 917 3663 quilibet
940 3613 1081 3654 effectus
1100 3624 1258 3667 proprius

354 3665 505 3714 aliquam
517 3663 764 3714 perfectionem
778 3667 872 3703 addit
886 3664 981 3716 super
994 3681 1189 3707 commune.
1215 3675 1257 3710 Et

356 3717 421 3752 isto
434 3717 541 3753 inodo
549 3716 614 3763 ff,
624 3716 718 3764 quod
730 3730 788 3766 per
802 3715 835 3753 se
845 3718 1033 3755 includitur
1046 3722 1081 3756 in
1095 3722 1258 3761 omnibus

353 3766 530 3810 effectibus
544 3793 554 3808 ,
566 3768 613 3803 est
624 3767 764 3803 effeetus
784 3768 1093 3817 imperfessiffimus
1107 3787 1119 3817 5
1131 3777 1164 3812 δι
1178 3774 1258 3815 ide&

513 3821 596 3856 scm·
604 3828 684 3870 oper.
695 3819 783 3857 Toni.
795 3822 834 3857 X
837 3823 865 3858 I.
887 3822 966 3857 Pars
975 3822 1023 3860 ll.

2088 137 2228 211 559

1328 236 1458 285 semper
1469 238 1515 272 est
1525 235 1661 272 fallacia
1671 239 1961 286 aequiuocationis
1971 238 2007 273 in
2018 251 2234 287 argumento.

1330 291 1372 324 Et
1390 289 1411 324 11·
1426 300 1583 336 arguatur
1608 287 1828 326 viiirbriniter
1848 290 2033 337 virobique
2060 291 2233 328 vninersa-

1330 339 1397 375 lius
1410 353 1447 375 in
1458 343 1580 375 maiori
1594 351 1657 388 pro
1670 339 1905 377 viiiuersaliori
1918 337 2100 377 secmidum
2118 343 2232 391 perfe-

1331 392 1483 426 Ctionem
1494 415 1506 430 ‚
1529 392 1583 426 vel
1606 388 1814 428 difformiter
1829 391 1975 428 sumatur
1986 396 2075 427 ratio
2091 398 2231 430 vniuer-

1331 440 1407 476 salis
1424 454 1463 476 ex
1476 452 1570 490 parte
1580 448 1683 477 caulae
1693 466 1704 482 ‚
1718 451 1752 478 ὄε
1764 442 2010 484 είΐεᾶας,ιυιιε
2027 446 2140 490 primo
2155 459 2234 481 nio-

1331 494 1378 528 do
1391 496 1500 528 maior
1515 493 1560 527 est
1574 505 1672 532 vcta,
1691 497 1727 529 &
1741 497 1855 530 minor
1870 492 1962 530 falsa.
1985 496 2233 531 Secundoiiio-

1331 544 1378 578 do
1390 546 1500 580 maior
1510 543 1557 578 est
1568 540 1662 584 falsa,
1674 549 1708 581 ὄι
1720 549 1834 582 minor
1844 558 1936 586 veta,
1946 549 1982 581 ὅ(
1997 545 2076 581 ideo
2089 547 2176 583 nihil
2189 546 2236 583 se-

1332 606 1460 642 quitur.

1382 645 1493 693 Qod
1512 648 1615 681 etiam
1632 645 1806 681 adducunt
1828 657 1868 681 ex
1886 647 2025 683 auctore
2041 646 2083 683 de
2100 647 2235 689 causis,

1331 697 1511 732 concludit
1522 709 1644 733 contra
1655 710 1715 733 eos
1726 722 1736 737 ,
1748 710 1828 744 quia
1839 695 1861 731 si
1874 698 2102 747 intelligimus
2115 705 2231 736 lerun-

1330 746 1411 782 dum
1426 746 1517 782 hunc
1528 749 1703 783 auctorem
1718 750 1812 796 quod
1835 760 1895 783 ens
1909 761 2058 785 creatum
2083 763 2156 786 non
2167 762 2232 799 po—

1330 799 1392 833 test
1404 798 1483 833 date
1495 799 1548 845 ff
1561 824 1572 839 ‚
1584 797 1645 834 nifi
1660 802 1697 834 in
1718 803 1845 834 virtute
1864 799 1980 835 diuina
1991 815 1999 841 ς
2014 813 2097 849 ergo
2108 799 2230 839 secun-

1330 848 1413 884 dum
1424 863 1501 885 eum
1514 849 1622 896 potest
1634 850 1713 886 date
1722 851 1785 897 ff,
1798 847 1851 885 sed
1865 855 1992 887 virtute
2003 856 2233 901 Dei,iiiquan-

1330 899 1405 936 tum
1421 898 1547 936 scilicet
1561 903 1684 949 recipit
1696 904 1857 937 virtutem
1868 901 1887 936 a
1899 904 1978 938 Deo
1990 903 2092 939 dandi
2105 905 2167 950 cffl.
2189 907 2232 941 Et

1330 953 1377 986 ita
1386 948 1538 1000 sequitur
1550 950 1643 999 quod
1654 952 1762 1000 potest
1774 965 1926 1000 accipere
1938 956 2099 990 virtutem
2112 968 2232 991 crean-

1329 1002 1380 1042 di,
1389 1007 1485 1039 cuius
1494 1002 1691 1052 oppositum
1703 1002 1865 1039 deberent
1878 1002 2032 1052 probare.

1381 1054 1494 1102 Qud
1507 1055 1587 1090 vero
1603 1054 1724 1090 dicunt
1737 1055 1780 1089 de
1801 1056 1938 1091 afflone
1960 1058 2097 1104 propria
2118 1058 2237 1094 instru-

1330 1109 1440 1140 menti
1453 1129 1463 1143 ,
1475 1118 1592 1154 quaero
1601 1105 1644 1140 de
1664 1103 1725 1141 illa
1736 1107 1872 1140 actione
1884 1110 2020 1156 proptia
2033 1134 2043 1148 ‚
2052 1122 2094 1143 au
2109 1122 2235 1145 conue-

1330 1159 1403 1193 niat
1427 1157 1655 1192 instrumento
1678 1154 1862 1192 secundum
1891 1157 2023 1206 aliquid
2057 1158 2119 1194 fibi
2151 1173 2234 1209 pro-

1331 1211 1443 1256 prium
1454 1216 1464 1243 ὲ
1474 1219 1531 1244 aut
1542 1211 1710 1243 conuenit
1725 1208 1782 1243 ista
1791 1210 1882 1243 actio
1896 1207 2075 1245 secundum
2088 1209 2236 1247 formam

1331 1262 1507 1309 propriam
1521 1283 1532 1299 ‚
1545 1270 1602 1294 aut
1619 1257 1804 1295 secundum
1818 1260 1913 1309 quod
1929 1261 1973 1295 est
1987 1264 2237 1299 intrumentum

1330 1323 1467 1347 motum
1478 1310 1497 1345 a
1507 1309 1682 1358 superiore
1691 1322 1825 1357 agente.
1850 1314 1885 1346 Si
1898 1315 2011 1360 primo
2023 1313 2144 1354 modo,
2154 1326 2238 1363 ergo

1330 1365 1440 1398 virtus
1451 1361 1547 1398 illius
1565 1362 1711 1397 aotionis
1724 1364 1868 1410 proptiae
1888 1363 1934 1398 est
1952 1376 2055 1412 agens
2076 1377 2238 1413 primum,

1332 1418 1367 1449 &
1379 1410 1583 1462 principale,
1599 1417 1635 1449 &
1648 1426 1722 1448 non
1735 1414 1995 1450 instrumentum
2013 1430 2022 1456 3
2036 1419 2117 1463 quia
2128 1419 2237 1454 virtus

1330 1463 1426 1501 illius
1447 1466 1595 1500 astionis
1607 1464 1694 1500 nulli
1717 1463 1775 1511 alzj
1796 1463 2036 1502 subordinatur
2050 1491 2059 1506 .
2071 1472 2106 1503 &
2121 1471 2237 1504 omnis

1330 1516 1422 1552 ιᾶἰο
1437 1529 1513 1565 quae
1525 1518 1691 1552 conuenit
1710 1514 1814 1551 alicui
1828 1541 1839 1556 ,
1855 1529 1889 1552 vt
1906 1517 2086 1566 principali
2106 1522 2239 1567 agenti,

1331 1578 1406 1603 non
1417 1570 1582 1604 conuenit
1593 1565 1654 1602 fibi
1666 1568 1803 1615 praecise
1812 1579 1847 1603 vt
1860 1569 2096 1605 instrumento.
2107 1571 2141 1606 Si
2154 1572 2236 1606 vero

1330 1618 1392 1655 ista
1415 1620 1506 1654 afflo
1521 1617 1580 1654 fibi
1604 1618 1741 1666 proprie
1764 1631 1836 1653 non
1858 1632 2032 1667 competat
2053 1618 2238 1657 secundum

1332 1668 1482 1706 formam
1493 1682 1667 1719 propriam
1682 1693 1693 1708 ,
1703 1668 1757 1704 sed
1773 1666 1956 1706 secundum
1969 1671 2064 1719 quod
2077 1685 2238 1709 mouetur

1332 1720 1376 1757 ab
1387 1733 1511 1771 agente
1533 1720 1738 1771 principali,
1751 1733 1835 1769 ergo
1855 1721 1949 1757 nulla
1960 1723 2051 1758 aelio
2071 1727 2240 1760 conuenit

1330 1770 1391 1808 fibi
1417 1771 1772 1823 propriainquantum
1785 1773 2103 1810 estinstrumentum
2126 1787 2236 1824 agen-

1333 1827 1378 1860 tis
1402 1825 1602 1873 principalis
1614 1847 1624 1863 ,
1637 1821 1699 1858 nili
1718 1835 1775 1872 per
1790 1826 1947 1860 accidens
1959 1849 1970 1864 ,
1993 1830 2028 1862 &
2048 1826 2114 1861 talc
2126 1828 2172 1861 est
2185 1824 2237 1862 se-

1332 1874 1498 1924 parabile.
1529 1872 1614 1911 fall'a
1633 1875 1679 1910 est
1695 1887 1779 1923 ergo
1794 1874 1852 1911 illa
1874 1878 1984 1911 maior
1997 1901 2006 1915 ‚
2026 1877 2120 1925 quod
2133 1890 2239 1914 omne

1331 1939 1437 1976 agens
1459 1924 1718 1962 instrumentale
1741 1927 1844 1963 haber
1873 1929 2044 1963 astionem
2064 1931 2238 1977 propriam

1358 1990 1394 2014 er
1405 1977 1496 2014 aliud
1510 1976 1571 2014 fibi
1583 1980 1775 2027 proprium,
1794 1990 1912 2027 ptaeter
1924 1978 2019 2015 illam
2030 2003 2041 2019 ,
2053 1992 2127 2028 quae
2139 1982 2238 2017 attri-

1332 1991 1450 2067 Euitut
1460 2032 1576 2078 agenti
1590 2029 1786 2078 principali.

1384 2080 1513 2118 Etcum
1533 2079 1682 2130 probant
1702 2080 1744 2116 de
1760 2077 1972 2130 [eumqubd
1986 2079 2080 2118 illius
2101 2081 2239 2131 estpro-

1334 2133 1408 2181 prie
1418 2133 1575 2169 diuidere
1584 2157 1596 2172 ‚
1614 2131 1670 2168 vel
1683 2130 1811 2172 secare,
1824 2146 1942 2180 quaeto
1957 2133 1975 2168 a
1987 2146 2054 2181 qua
2064 2130 2178 2171 forma
2191 2131 2235 2169 fi-

1332 2182 1368 2220 bi
1381 2182 1566 2220 intrinseca
1579 2183 1682 2219 habet
1694 2184 1780 2219 serra
1792 2183 1887 2220 illam
1894 2185 2066 2220 astionem
2079 2183 2139 2220 fibi
2153 2198 2231 2235 pto-

1335 2238 1445 2285 priam
1457 2244 1467 2270 ἒ
1479 2236 1566 2272 Non
1585 2236 1605 2270 a
1624 2234 1754 2284 figura,
1777 2234 1833 2271 vel
1847 2247 2043 2283 quantitate
2055 2237 2129 2271 eius
2141 2249 2239 2285 ,quae

1333 2286 1409 2323 sunt
1422 2290 1532 2337 magis
1554 2284 1743 2322 intrinsecae
1758 2301 1768 2328 3
1782 2290 1865 2334 quia
1876 2286 2017 2335 quando
2027 2287 2237 2324 instrumen-

1334 2350 1407 2375 tum
1422 2351 1494 2374 non
1517 2338 1620 2373 habet
1635 2337 1738 2373 taleni
1755 2336 1898 2386 figuram
1911 2362 1922 2379 ,
1945 2337 2000 2373 vel
2016 2338 2116 2373 talem
2130 2353 2239 2387 quan-

1333 2392 1467 2426 titatem
1484 2414 1496 2430 ‚
1515 2402 1588 2425 non
1612 2389 1738 2425 diuidit
1751 2413 1762 2428 ‚
1783 2393 1864 2436 qnia
1881 2400 2040 2425 neutrum
2058 2402 2178 2425 eorum
2193 2390 2240 2427 est

1331 2438 1447 2477 forma
1459 2443 1581 2477 aetina.
1602 2441 1688 2477 Non
1702 2439 1810 2490 figura
1822 2465 1831 2480 ,
1844 2440 1979 2488 quiaest
1992 2441 2035 2475 de
2048 2446 2149 2476 tertia
2163 2441 2237 2491 spe-

1331 2495 1385 2529 cie
1396 2491 1610 2540 Qalitatis;
1632 2504 1696 2528 nec
1709 2495 1884 2539 quantitas
1893 2516 1904 2532 ‚
1925 2493 2005 2539 quia
2016 2491 2241 2541 consequitur

1331 2545 1444 2594 primo
1462 2546 1667 2593 principium
1681 2540 1857 2591 paffiuum.

1383 2596 1417 2631 Si
1429 2598 1531 2631 etiam
1556 2594 1623 2630 istae
1647 2592 1767 2629 foimae
1786 2590 1889 2629 essent
1900 2591 2241 2643 affiumsequeretur

1331 2645 1703 2694 quadMazhematicus
1714 2643 1906 2680 cfifidcraiis
1918 2645 2121 2693 quanti‘i.vel
2133 2650 2237 2682 etiam

1329 2695 1474 2745 figuram
1490 2722 1501 2737 ,
1514 2696 1858 2745 vt‘quadtangulumn,
1869 2695 1921 2732 vel
1935 2696 2236 2745 triangulum,non

1329 2747 1533 2784 abstraheret
1548 2748 1566 2783 a
1579 2759 1677 2783 motu
1690 2773 1700 2788 ‚
1714 2753 1748 2784 &
1758 2748 1896 2787 astione
1907 2773 1918 2788 ,
1933 2747 2027 2795 quod
2044 2745 2165 2783 falsum
2175 2749 2234 2785 est:

1328 2799 1484 2836 diuidere
1507 2811 1591 2849 ergo
1614 2797 1796 2834 secundum
1812 2798 1908 2847 quod
1927 2800 2018 2835 actio
2031 2823 2043 2839 ,
2063 2811 2137 2835 non
2156 2800 2203 2836 est
2215 2799 2235 2836 'a

1330 2848 1426 2888 serra.
1452 2852 1486 2886 Si
1514 2851 1595 2886 vero
1615 2851 1770 2886 diuidere
1784 2848 1823 2885 sit
1844 2861 1959 2886 motus
1978 2848 2099 2886 localis
2118 2875 2128 2889 ,
2149 2862 2234 2887 tunc

1330 2900 1417 2938 serra
1431 2915 1504 2937 non
1523 2914 1643 2938 mouet
1663 2904 1821 2942 afflone,
1836 2897 1891 2936 sed
1911 2913 2070 2937 mouetur
2082 2899 2234 2951 paffione

1327 2952 1347 2989 ὲ
1362 2953 1540 3002 principali
1552 2965 1697 3002 agente:
1717 2955 1798 3002 quia
1810 2954 1901 2988 enim
1915 2952 1985 2988 duo
2000 2965 2147 3001 corpora
2158 2966 2232 2990 non

1328 3003 1461 3054 possunt
1482 3002 1546 3041 else
1568 3003 1664 3040 fimul
1685 3007 1721 3040 iu
1739 3003 1862 3040 eodem
1884 3003 1986 3044 loco,
2008 3004 2087 3040 ideo
2111 3017 2232 3040 cotum

1326 3056 1478 3093 simultas
1500 3059 1536 3092 in
1555 3055 1678 3092 eodem
1699 3054 1782 3091 loco
1804 3055 1850 3091 est
1870 3067 1990 3091 corum
2010 3053 2166 3092 formalis
2180 3067 2233 3091 re-

1327 3110 1528 3158 pugnantia.
1552 3107 1634 3143 Ideo
1653 3105 1736 3143 ficut
1762 3108 1799 3142 in
1817 3118 1916 3142 motu
1940 3105 2156 3143 alterationis
2171 3131 2180 3144 ,
2196 3111 2233 3144 &c

1326 3171 1425 3196 motu
1437 3160 1478 3195 ad
1493 3158 1642 3194 formam
1655 3182 1666 3199 ,
1688 3170 1792 3207 agens
1805 3157 1921 3193 eadem
1932 3158 2068 3193 afflone
2078 3183 2089 3197 .
2098 3171 2166 3205 qua
2177 3156 2231 3193 fa-

1327 3213 1375 3247 cit
1390 3223 1492 3246 vnam
1506 3209 1655 3246 formam
1678 3207 1802 3249 incise,
1824 3206 2018 3245 facitaliam
2038 3207 2164 3250 abcffe5
2186 3213 2233 3246 ita

1327 3263 1364 3297 in
1377 3274 1475 3298 motu
1487 3260 1591 3299 locali
1603 3274 1708 3311 agens
1729 3261 1847 3297 eadem
1866 3261 2002 3296 afflone
2012 3285 2024 3300 ,
2037 3273 2104 3308 qua
2114 3273 2232 3297 mouet

1327 3325 1433 3349 vnum
1446 3325 1570 3361 corpus
1591 3314 1629 3348 in
1648 3325 1754 3348 vnum
1768 3310 2038 3361 locun-impelli:
2051 3310 2142 3348 aliud
2155 3324 2232 3347 cor·

1327 3377 1389 3413 pus
1404 3367 1435 3400 ei
1447 3362 1723 3413 incompoffibile
1740 3361 1783 3398 ab
1795 3362 1858 3398 illo
1871 3362 1952 3398 loco
1968 3363 2108 3398 :eodem
2124 3363 2233 3399 modo

1326 3416 1373 3451 est
1385 3416 1428 3451 de
1441 3414 1539 3454 serra,
1549 3420 1584 3453 &
1595 3413 1763 3451 diuisione
1776 3428 1786 3451 :
1799 3411 1885 3449 serra
1897 3427 1968 3449 non
1983 3413 2086 3450 habet
2097 3414 2234 3450 diuide-

1328 3479 1364 3503 re
1378 3465 1485 3506 exse,
1499 3464 1554 3502 sed
1577 3479 1694 3502 motus
1706 3469 1778 3501 eius
1803 3465 1847 3501 est
1867 3464 1886 3501 ὲ
1906 3478 2031 3506 manu,
2052 3470 2085 3501 δι
2108 3464 2234 3502 diuifio

1328 3517 1543 3567 consequens
1565 3521 1771 3558 motum‚&
1793 3513 1870 3552 sunt
1887 3516 1958 3552 duo
1982 3513 2121 3552 effe-&us
2142 3517 2236 3553 ordi-

1328 3570 1407 3605 nate
1418 3573 1565 3617 agentis.
1578 3568 1688 3616 Qod
1701 3581 1812 3604 autem
1825 3568 1950 3604 diuidit
1964 3569 2010 3603 est
2025 3580 2144 3603 manus
2161 3580 2236 3603 mo-

1328 3633 1412 3656 uens
1425 3619 1580 3656 localiter
1591 3620 1703 3668 primo
1715 3616 1820 3668 ipsam
1834 3617 2007 3658 sertam.vt
2019 3621 2166 3668 primum
2177 3617 2234 3654 ef·

1328 3670 1420 3708 fedh‘i
1431 3674 1518 3711 eius,
1531 3677 1566 3708 δε
1579 3669 1822 3719 secundo,quia
1836 3671 1906 3705 duo
1920 3683 2065 3718 corpora
2074 3683 2147 3706 non
2160 3666 2236 3718 pos-

1328 3720 1402 3758 sunt
1411 3720 1476 3758 effe
1486 3721 1723 3761 simul‚diuidit
1733 3720 1844 3771 lignt'i,
1854 3718 1977 3757 securis
1989 3726 2080 3757 enim
2091 3726 2125 3759 δι
2139 3719 2239 3764 serra,

1326 3776 1409 3824 quia
1421 3771 1496 3812 sunt
1509 3773 1733 3812 instrumenta
1742 3785 1840 3811 acuta
1852 3798 1862 3814 ,
1882 3771 1956 3811 sunt
1969 3771 2070 3809 facile
2083 3772 2241 3816 mobilia,

1940 3837 1960 3860 a
2011 3838 2031 3860 a.
2144 3836 2238 3863 maxi

2294 645 2403 675 Ambo
2420 646 2455 675 de

2260 687 2349 726 causis
2361 689 2455 724 nb'sae·

2260 732 2300 758 eit
2306 738 2353 768 pn
2364 729 2435 768 ipsis.

2304 1113 2455 1149 nefus-tu

2264 1153 2323 1182 alia
2334 1154 2455 1192 proh-itio

2260 1196 2348 1233 prima
2366 1198 2455 1226 ratio-

2265 1238 2314 1267 nis.

2275 2086 2289 2114 1
2291 2082 2459 2122 nstrnmn

2266 2128 2333 2155 mia
2341 2127 2409 2166 quui
2416 2125 2458 2166 ns·

2260 2167 2375 2207 ficiam
