2736 4042
296 258 442 304 nstantia.

293 516 421 550 :toln-‘tun

293 558 372 596 Qu
378 556 411 595 fir
421 559 481 586 Au-

292 599 374 630 reoll‘
394 599 481 637 Virgi-

291 648 366 672 tum·

288 1114 406 1147 Peccata
426 1113 478 1142 m·-

282 1157 378 1194 gt'nale
385 1156 478 1184 ram-‘t-

283 1195 314 1225 ἐἰ
331 1197 411 1233 potest
421 1193 478 1233 abst

289 1248 341 1277 que
351 1237 480 1277 infastum·

282 1280 386 1319 gratiq-

281 1864 332 1899 ΔΑ
360 1813 476 1894 ›gt-iones

281 1906 362 1937 Rich.
384 1906 471 1935 adlu-

283 1947 457 1985 &nomioma-

280 1993 308 2023 Α
312 1989 332 2024 d
336 1991 464 2028 primam.

286 2416 477 2459 Adsecffdam.

285 2464 386 2494 Gratia
405 2466 476 2497 oppo-

286 2506 363 2534 nitur
382 2509 476 2539 pecta-

286 2552 314 2575 80
330 2542 418 2581 sblr‘am
428 2541 475 2570 dc-

288 2583 432 2616 mentori).

288 2979 338 3018 Ad
357 2977 477 3011 tentam.

292 3288 342 3320 Ad
348 3292 484 3328 quarum.

292 3326 412 3368 Remifflo
424 3334 483 3363 pec·

292 3373 351 3399 eati
385 3367 483 3407 absqm

292 3411 489 3443 recb'tiliarione

293 3453 332 3489 qd
338 3452 490 3482 amicitiam

296 3495 356 3531 dara·
364 3491 453 3533 potest.

503 163 645 240 572

557 260 681 306 Dices,
695 262 716 301 fi
741 266 918 314 virginitas
942 263 1053 313 potest
1075 263 1218 313 reparati
1240 259 1408 309 quantum

511 315 552 351 ad
573 327 682 352 totam
702 314 889 352 absolutam
916 313 1164 364 perscelionem
1178 337 1189 353 ‚
1212 324 1315 360 quam
1335 314 1403 347 im-

511 379 627 416 portat
652 393 663 408 ,
695 381 769 416 quae
799 368 844 403 est
872 368 1097 415 praerogatiua
1123 363 1280 402 Aureolae
1298 387 1309 404 ,
1331 375 1405 411 quae

511 419 713 455 conceditur
741 417 932 467 virginibus
964 440 974 458 ‚
1008 417 1141 452 videtur
1177 414 1272 464 quod
1315 413 1406 453 nihil

517 467 566 503 fit.

559 517 769 567 Respondeo
781 543 791 560 ‚
812 517 906 566 quod
919 516 1067 555 Anreola
1081 518 1255 564 virginum
1273 513 1318 550 est
1333 510 1403 562 spe-

510 570 595 607 ciale
618 571 780 619 gaudium
798 594 808 610 ‚
831 574 866 607 δε
879 570 924 606 est
947 570 989 605 de
1006 579 1180 616 nunqnam
1203 563 1350 615 peccasse
1368 567 1404 600 in

510 620 568 657 tali
582 634 706 670 genere
722 623 870 670 peccati,
896 625 929 657 &
943 618 1010 656 sem
1036 632 1071 656 er
1088 620 1346 657 innocentiam,
1369 619 1404 652 δε

507 675 690 720 puritatem
703 674 813 708 carnis
826 670 982 714 seruasse3
1019 671 1060 706 ed
1075 668 1227 707 nobilius
1247 669 1293 705 est
1315 678 1405 704 nun-

508 735 609 771 quam
629 721 776 771 peccasse
792 747 803 763 ,
820 727 853 760 &
878 724 1018 772 negatio
1041 716 1178 757 offensae
1196 723 1232 755 in
1279 721 1404 755 raeteri·

507 785 580 809 tum
603 799 613 814 ‚
635 775 736 822 quam
755 773 940 822 aliquando
967 770 1132 821 peccasse,
1146 775 1189 807 ⁴&
1214 733 1404 810 offendisse,

508 829 543 862 &
571 825 831 865 reconciliatum
847 822 921 861 effe.
946 824 1104 860 Gaudent
1125 825 1228 858 etiam
1253 826 1403 872 virgines

506 873 696 924 specialiter
707 901 717 917 ,
727 876 820 925 quod
830 888 1006 924 nunquam
1032 885 1255 924 peccauerunt
1270 874 1333 910 illo
1343 887 1403 924 ge-

505 938 586 963 nere
611 931 738 975 p‘eccati
751 952 761 968 ‚
774 927 815 964 ad
836 926 931 976 quod
951 925 1110 961 homines
1124 937 1163 959 ex
1182 926 1404 974 corruptione

501 980 612 1013 carnis
623 979 767 1014 maxime
784 980 883 1029 proni
896 976 982 1013 sunt.
1010 977 1110 1015 Vnde
1122 976 1271 1011 Aureola
1282 989 1400 1012 eorum

503 1029 549 1063 est
561 1029 602 1066 de
617 1032 802 1078 negatione
815 1026 953 1064 offensae
975 1030 1152 1077 praeteritae
1163 1052 1173 1068 ,
1185 1026 1350 1076 quantum
1359 1029 1401 1064 ad

504 1083 761 1128 corruptionem
775 1083 895 1117 carnis.

554 1132 646 1167 Dico
660 1145 742 1181 ergo
754 1130 920 1181 quantum
933 1130 973 1165 ad
985 1129 1082 1166 istum
1094 1126 1273 1164 articulum
1287 1154 1297 1170 ,
1307 1128 1402 1177 quod

505 1183 598 1218 Deus
611 1183 652 1218 de
665 1188 819 1232 potentia
840 1181 993 1218 absoluta
1014 1180 1123 1230 potest
1136 1181 1308 1216 remittere
1323 1193 1402 1229 pcc-

505 1244 616 1268 catum
638 1235 808 1284 originale
828 1246 899 1268 non
920 1232 1139 1275 infundendo
1162 1233 1303 1280 gratiam
1324 1245 1400 1281 gra-

505 1295 577 1319 tum
591 1280 773 1321 facientem
790 1287 890 1333 ‚qnia
905 1297 939 1318 vt
961 1283 1089 1319 dictum
1110 1283 1174 1321 cst,
1201 1294 1272 1316 non
1291 1280 1400 1318 solum

504 1347 670 1384 repugnat
685 1349 824 1385 peccato
836 1335 996 1384 originali
1010 1336 1137 1383 gratia,
1156 1329 1210 1368 sed
1230 1335 1332 1368 etiam
1352 1347 1400 1370 re·

501 1387 635 1422 &itudo
649 1392 681 1423 ὅ(
697 1386 820 1423 institia
841 1384 1025 1429 naturalis5
1042 1390 1076 1421 &
1093 1385 1170 1420 idco
1185 1385 1295 1433 potest
1306 1387 1400 1430 Deus

501 1437 544 1472 de
573 1441 730 1486 potentia
758 1436 910 1474 absoluta
935 1448 1110 1486 peccatum
1141 1435 1312 1485 originale
1343 1449 1401 1485 per

500 1499 686 1537 vtrumque
706 1488 873 1538 expellere
891 1514 900 1529 ,
922 1490 989 1523 t‘am
1013 1486 1142 1523 scilicet
1164 1498 1220 1535 per
1244 1488 1401 1535 gratiam,

499 1539 603 1587 quam
623 1553 681 1589 per
714 1543 874 1577 iustitiam
902 1538 1090 1575 naturalem
1113 1563 1123 1578 ,
1144 1536 1212 1574 fiue
1233 1536 1271 1576 fit
1296 1540 1397 1576 recti-

499 1590 585 1627 tudo
621 1591 754 1628 tantum
787 1617 797 1634 ‚
839 1590 906 1627 fine
944 1590 1058 1639 aliqua
1091 1592 1201 1639 gratia
1235 1587 1395 1638 superad-

500 1642 582 1677 dita.

548 1694 645 1729 Patet
680 1706 739 1743 per
766 1694 835 1730 hoc
861 1693 903 1729 ad
934 1702 1133 1742 argumenta
1156 1691 1199 1728 de
1229 1690 1295 1728 alia
1323 1694 1402 1742 opi-

500 1755 619 1781 mone.

552 1796 606 1831 Ad
631 1798 777 1844 primum
791 1822 801 1838 ,
816 1795 896 1832 dico
916 1794 1011 1843 quod
1031 1805 1207 1844 peccatum
1231 1794 1402 1843 originale

501 1858 574 1882 non
597 1849 785 1884 remittitur
804 1871 815 1887 ,
848 1845 910 1883 nifi
934 1848 1046 1882 anima
1067 1844 1126 1882 fiat
1158 1845 1200 1882 de
1222 1845 1401 1882 immunda

502 1898 628 1934 munda
642 1923 651 1938 ,
665 1903 699 1935 &
714 1898 807 1947 quod
821 1899 968 1938 mutatio
991 1895 1047 1934 fiat
1070 1899 1106 1932 in
1115 1900 1229 1932 anima
1241 1921 1252 1937 ,
1264 1895 1400 1933 sednon

500 1946 684 1986 necessarib
708 1951 749 1986 ad
782 1952 925 2000 gratiam
950 1959 1084 1998 gratum
1107 1946 1292 1984 facientem
1312 1972 1323 1988 ,
1343 1946 1399 1985 sed

500 2000 597 2049 quod
619 2012 769 2037 mutetur
789 2001 829 2037 ad
844 2000 1084 2036 rectitudinem
1097 1998 1285 2036 naturalem
1298 2024 1309 2039 ,
1320 1998 1403 2036 lieet

499 2050 608 2101 posset
635 2054 759 2088 mutari
781 2052 820 2088 ad
843 2064 927 2088 earn.
965 2050 1032 2087 Sed
1055 2050 1162 2086 modo
1179 2050 1319 2099 quando
1343 2053 1399 2086 in—

498 2101 659 2141 funditur
683 2106 791 2152 gratia
812 2101 872 2152 ipsi
884 2105 1110 2143 animae,non
1131 2100 1168 2137 fit
1190 2103 1338 2137 mutatio
1358 2101 1400 2137 ad

498 2154 741 2191 rectitudinem·
766 2153 951 2190 naturalem
983 2177 994 2193 ,
1021 2157 1056 2189 &
1096 2152 1259 2190 iustitiam
1292 2153 1401 2200 origi-

500 2205 614 2245 nalem
636 2230 646 2247 ,
668 2205 728 2241 nisu
755 2204 946 2242 virtualiter
975 2201 1181 2252 inquantum
1204 2204 1312 2250 gratia
1333 2205 1403 2239 vir-

501 2254 640 2292 tualiter
675 2255 821 2292 includit
855 2255 950 2292 illam
985 2255 1224 2292 rectitudinem
1250 2277 1262 2292 2
1283 2265 1402 2302 quate-

501 2319 567 2345 nus
586 2310 622 2343 in
645 2310 880 2357 acceptatione
903 2307 1021 2343 diuina
1042 2303 1174 2354 supplet
1195 2306 1303 2340 vicem
1316 2306 1403 2346 eius,

505 2363 573 2396 ὅτε.

551 2410 604 2445 Ad
621 2408 804 2448 secundum
818 2433 829 2450 ‚
853 2409 931 2445 dico
943 2407 1038 2457 quod
1049 2409 1156 2457 gratia
1172 2419 1244 2442 non
1255 2409 1402 2455 opponi-

502 2471 556 2496 tur
582 2473 744 2510 peccato,
771 2474 807 2496 νε
825 2459 962 2496 habitus
987 2461 1174 2508 priuationi
1196 2457 1402 2502 formaliter3

503 2510 558 2547 sed
580 2510 661 2548 licut
675 2510 769 2548 causa
781 2514 957 2547 meritoria
976 2507 1079 2546 causae
1099 2511 1345 2551 demeritoriae,
1366 2515 1402 2546 &

503 2575 573 2598 non
590 2561 801 2604 formalitcr3
819 2560 873 2598 sed
897 2560 939 2597 fic
959 2563 1149 2612 opponitur
1171 2571 1312 2608 peccato
1331 2563 1402 2596 ori-

501 2614 610 2663 ginali
626 2615 752 2651 institia
772 2612 951 2663 originalis
964 2637 978 2653 ,
999 2611 1053 2647 vel
1076 2612 1247 2647 reffimdo
1264 2622 1400 2647 natura-

501 2665 565 2702 lis:
582 2669 617 2702 &
642 2666 720 2702 ideo
741 2678 814 2702 non
837 2663 1017 2713 expellitur
1032 2674 1207 2713 peccatum
1232 2663 1403 2712 originale

500 2715 694 2752 formaliter
710 2741 721 2757 ,
741 2714 803 2752 nifi
818 2728 876 2766 per
899 2715 1060 2752 iustitiam
1071 2738 1082 2755 ,
1095 2712 1150 2750 vel
1164 2714 1403 2765 reffirudinem

500 2767 689 2804 naturalem
708 2783 729 2810 '3
765 2765 958 2803 virtualiter
999 2777 1113 2802 autem
1147 2768 1182 2801 &
1224 2765 1403 2802 meritorie

502 2830 562 2867 per
589 2821 734 2868 gratiam
759 2844 769 2859 ‚
802 2830 969 2867 quatenus
986 2828 1180 2866 acceptatur
1200 2814 1219 2852 a
1242 2817 1319 2852 Deo
1339 2829 1402 2866 pro

500 2870 624 2906 eodem
637 2895 646 2909 ,
661 2883 723 2919 pro
737 2881 808 2920 quo
821 2870 946 2905 iustitia
958 2867 1138 2918 originalis
1159 2879 1403 2917 acceptaretur,

501 2918 525 2955 fi
543 2919 680 2958 inesset.

552 2973 607 3008 Ad
617 2972 721 3013 aliud,
733 2971 874 3020 quando
888 2971 1012 3006 dicitur
1026 2968 1119 3018 quod
1138 2980 1314 3019 peccatum
1329 2967 1404 3005 nul·

501 3022 539 3059 lo
563 3023 632 3059 alio
647 3024 755 3059 modo
779 3022 914 3059 tollitur
927 3048 937 3062 ,
958 3035 1020 3057 nec
1034 3021 1141 3070 potest
1154 3020 1254 3061 tolli,
1269 3018 1331 3055 nifi
1345 3033 1403 3069 per

502 3077 647 3124 gratiam
661 3099 672 3114 ,
684 3071 806 3111 falsum
819 3074 864 3109 est
875 3099 885 3115 ‚
898 3078 932 3111 δι
947 3072 1023 3109 cum
1037 3071 1159 3120 probas
1172 3070 1266 3120 quod
1282 3070 1342 3107 illa
1352 3074 1404 3107 in-

503 3126 679 3161 ordinatio
703 3138 775 3161 non
794 3124 929 3161 tollitur
952 3122 1263 3171 aliter,dicoquod
1274 3135 1346 3159 non
1357 3123 1405 3159 est

504 3189 642 3218 vetum3
660 3177 768 3226 potest
782 3178 883 3211 ctiam
897 3175 974 3212 tolli
998 3188 1056 3225 per
1069 3175 1229 3211 iustitiam
1248 3177 1404 3223 origina-

509 3227 578 3264 lem
594 3254 603 3268 ,
615 3227 696 3264 ficut
709 3228 837 3263 dielum
847 3227 904 3262 est.

558 3279 612 3315 Ad
627 3278 953 3327 quartum‚concedo
965 3276 1059 3325 qued
1078 3274 1218 3324 quando
1230 3287 1404 3324 peccatum

510 3330 697 3366 dimittitur
710 3355 720 3370 ,
733 3327 862 3365 offensa
885 3329 1033 3378 placatur
1045 3333 1078 3365 δι
1099 3326 1136 3363 fit
1155 3327 1408 3366 reconciliatio,

514 3379 569 3417 sed
582 3393 640 3432 pet
664 3381 750 3421 hoc,
774 3381 868 3429 quod
887 3381 1028 3415 dimitto
1047 3379 1149 3414 alicui
1171 3376 1336 3414 offensam
1349 3382 1404 3417 ,δε

513 3432 720 3468 reconcilior
731 3434 761 3468 ei
775 3457 788 3472 ‚
799 3430 842 3467 ne
854 3430 957 3467 velim
972 3432 1002 3466 ei
1019 3429 1146 3465 malurn
1157 3454 1168 3469 ,
1185 3441 1256 3464 non
1267 3441 1406 3478 propter

511 3483 580 3519 hoc
592 3496 732 3532 accepto
743 3495 819 3519 eum
834 3494 869 3518 νε
882 3484 1029 3517 amicum
1041 3506 1051 3520 ‚
1066 3479 1306 3516 reconciliatur
1315 3482 1407 3516 enim

511 3534 650 3570 mihiacl
664 3547 780 3584 pacem
792 3559 801 3572 ‚
812 3533 854 3568 nc
874 3534 977 3569 velim
990 3535 1020 3568 ei
1037 3531 1182 3573 maltum
1206 3531 1258 3566 sed
1269 3543 1339 3566 non
1355 3544 1406 3567 re-

511 3585 716 3622 conciliatur
731 3584 816 3620 mihi
834 3583 874 3619 ad
895 3585 1079 3620 amicitiam
1103 3608 1112 3624 ‚
1134 3594 1168 3617 vt
1181 3581 1285 3630 velim
1296 3584 1326 3617 ci
1346 3580 1407 3617 bo-

512 3650 606 3673 num.
629 3637 741 3673 Potest
765 3638 856 3671 enim
867 3635 991 3684 aliquis
1014 3632 1225 3670 reconciliari
1241 3631 1406 3681 quantum

513 3689 554 3723 ad
575 3690 666 3737 pacis
680 3686 962 3724 reformationem
983 3711 994 3726 ,
1011 3697 1052 3723 ,νε
1066 3697 1138 3721 non
1158 3695 1292 3734 appetat
1314 3683 1404 3719 vlte-

516 3738 585 3775 rius
600 3739 766 3775 vindicari
782 3739 823 3773 de
845 3750 908 3779 eo,
928 3735 1009 3773 licet
1029 3749 1100 3772 non
1120 3734 1360 3771 reconciliatur
1371 3737 1408 3773 in

516 3792 704 3835 amicitiam
719 3787 900 3840 perfectam
909 3814 921 3831 ,
931 3800 968 3826 vt
981 3785 1062 3830 velit
1073 3786 1133 3825 fibi
1142 3785 1229 3824 bene
1238 3784 1313 3823 else.

989 124 1351 216 Lib.1V.
1405 125 1835 218 Distintstio
1874 132 1929 217 Ι.

1528 265 1626 299 ltain
1649 265 1825 315 propofito
1842 291 1852 308 ‚
1871 269 1965 304 Deus
1981 270 2188 307 remittendo
2201 277 2372 321 peccatori

1479 309 1574 348 suum
1597 328 1771 364 peccatum
1782 342 1793 359 ,
1806 319 2005 355 reconciliat
2017 334 2094 356 eum
2107 321 2167 358 fibi
2191 325 2231 358 ad
2244 335 2375 371 pacem,

1481 375 1517 398 νε
1533 365 1622 401 nolit
1635 367 1780 419 amplius
1795 371 1961 406 vindicari
1975 372 2015 405 de
2029 383 2091 414 τος
2105 387 2177 413 non
2191 386 2303 409 tamen
2315 388 2373 411 ac-

1479 426 1590 466 ceptat
1603 430 1680 476 eum
1705 431 1740 454 vt
1760 424 1928 462 amicum,
1951 426 1986 458 δι
2009 422 2177 461 haeredem
2193 428 2289 474 regni
2311 424 2372 461 nifi

1477 477 1536 513 per
1546 478 1701 513 gratiam.

1528 517 1593 555 Sed
1608 520 1699 555 dices
1712 543 1722 559 ,
1734 517 1756 554 fi
1769 532 1944 568 peccatum
1958 523 2067 572 potest
2077 524 2199 572 expelli
2214 523 2282 561 fine
2291 539 2370 574 gra-

1479 568 1527 601 tia
1538 571 1569 603 &
1584 569 1748 606 charitate
1758 595 1769 611 ,
1783 576 1817 608 &
1836 573 1877 607 de
1900 586 2076 622 peccatore
2089 573 2160 623 ficri
2174 588 2244 612 non
2255 589 2372 625 pecca-

1477 627 1533 652 tor
1545 630 1602 666 pet
1621 620 1780 657 iustitiam
1806 625 2009 672 originalem
2023 650 2034 666 ,
2047 637 2083 661 νε
2103 636 2140 661 tu
2158 627 2246 662 dicis
2258 651 2269 668 ,
2292 640 2374 665 tunc

1478 667 1568 703 nihil
1581 670 1730 722 valerent
1740 673 1799 708 ista
1809 686 2005 722 argumenta
2018 701 2029 716 ,
2042 688 2115 724 quae
2131 677 2277 724 probant
2291 679 2372 716 cha-

1478 721 1613 755 ritatem
1627 721 1691 759 elle
1705 726 1739 759 in
1761 726 1894 765 anima,
1917 739 1953 761 νε
1975 728 2017 763 de
2037 727 2163 762 iniusto
2184 726 2372 771 fiatiustus,

1477 772 1512 805 ὅ(
1535 770 1576 806 de
1597 785 1669 808 non
1689 787 1829 824 accepto
1849 789 2006 826 acceptus
2019 801 2030 817 ,
2051 783 2086 814 δι
2109 779 2201 826 quod
2222 782 2372 828 priuatio

1477 832 1551 856 non
1562 823 1742 872 expellitur
1756 825 1815 861 nifi
1831 839 1889 874 per
1904 828 2056 865 habitum
2066 853 2078 870 ‚
2089 842 2164 877 quae
2176 829 2282 878 pofita
2294 829 2372 868 sunt

1473 868 1545 956 {iba
1553 898 1562 908 .
1571 872 1643 934 dist..
1658 888 1708 920 ¹7.
1719 877 1762 913 de
1771 877 2009 916 iustificatione
2019 884 2207 929 peccatoria
2216 886 2250 918 δι
2261 885 2368 918 ratio-

1501 934 1519 957 e
1532 936 1656 962 meriti.

1524 974 1733 1024 Respondeo
1746 1002 1756 1017 ,
1770 979 1864 1028 quod
1891 979 2022 1017 nullutn
2042 982 2192 1018 medium
2214 981 2262 1019 ibi
2278 982 2366 1032 pofi-

1475 1033 1549 1059 tum
1563 1028 1603 1062 ad
1615 1027 1829 1076 probandum
1850 1029 2048 1067 charitatem
2067 1032 2169 1069 incise
2186 1033 2369 1071 animaesu-

1476 1079 1581 1112 mitur
1602 1091 1641 1114 ex
1656 1084 1842 1129 negatione
1853 1081 1968 1130 aliqua
1979 1107 1989 1122 ‚
2009 1094 2046 1118 νε
2067 1085 2160 1131 quod
2173 1085 2369 1122 deinimico

1473 1124 1630 1172 fiat2non
1659 1133 1819 1168 inimicus
1840 1157 1851 1174 ‚
1873 1133 1927 1169 vel
1951 1134 1993 1169 de
2021 1136 2283 1172 inreconciliato
2309 1135 2369 1173 fiat

1474 1188 1547 1214 non
1566 1182 1846 1219 inreconciliatus
1859 1209 1870 1225 ,
1888 1183 1942 1220 vel
1960 1186 2085 1219 anima
2109 1186 2290 1223 immunda
2310 1187 2368 1224 fiat

1474 1231 1587 1266 anima
1598 1244 1668 1268 non
1684 1235 1860 1270 immunda
1878 1249 1886 1271 :
1909 1232 1964 1271 sed
1978 1238 2095 1270 omnia
2105 1236 2218 1273 media
2229 1235 2367 1275 sumun-

1475 1290 1529 1315 tur
1541 1294 1580 1316 ex
1592 1282 1707 1332 aliqua
1729 1281 1955 1322 affirmatione
1969 1285 2039 1326 ibi,
2059 1297 2095 1321 vt
2116 1287 2211 1335 quod
2230 1287 2275 1324 de
2296 1301 2370 1325 non

1473 1335 1585 1368 amico
1611 1332 1667 1370 fiat
1681 1342 1832 1377 amicus,
1852 1341 1886 1374 &
1906 1337 2031 1373 deuon
2045 1336 2120 1373 filio
2144 1341 2240 1387 regni
2255 1337 2367 1376 fiatfi-

1474 1380 1539 1418 lius
1552 1388 1670 1433 regni,
1687 1391 1722 1423 &
1735 1387 1867 1424 de'non
1889 1389 1999 1437 digno
2011 1391 2080 1424 vita
2101 1400 2226 1426 aeterna
2240 1388 2300 1426 fiat
2312 1390 2367 1427 di-

1473 1445 1560 1481 gnus
1570 1439 1638 1472 vita
1649 1449 1773 1474 aeterna
1784 1453 1793 1480 ς
1805 1443 1838 1476 &
1854 1439 1932 1475 idei>
1946 1437 2124 1488 suppofitis
2138 1439 2206 1476 illis
2217 1453 2310 1490 ‚quae
2319 1439 2372 1478 ibi

1472 1482 1849 1534 supponuntur,merito
1859 1487 2036 1530 stilicen&
2046 1489 2285 1528 iustificatione
2296 1504 2372 1541 pec·

1473 1548 1627 1574 catorum
1650 1564 1661 1579 ,
1693 1539 1873 1578 necessario
1904 1539 2055 1591 sequitur
2080 1544 2223 1591 gratiam
2246 1541 2311 1579 effe
2334 1546 2372 1580 in

1473 1591 1586 1625 anima
1605 1614 1615 1630 ,
1637 1602 1674 1626 νε
1698 1593 1849 1628 medium
1871 1590 2054 1640 pofitiuum
2075 1593 2117 1628 ad
2133 1592 2371 1630 demonstran-

1473 1638 1554 1684 dum
1568 1639 1647 1677 illos
1669 1639 1807 1681 effectus
1822 1641 1988 1694 pofitiuos
2012 1646 2046 1679 in
2058 1646 2172 1680 anima
2183 1668 2194 1684 ,
2208 1647 2372 1682 meritum

1473 1687 1956 1733 scilieet‚&iustificationem
1977 1719 1988 1734 ,
2009 1707 2083 1744 quat
2105 1691 2181 1730 sunt
2199 1696 2235 1730 in
2257 1708 2296 1732 ea
2312 1709 2374 1745 per

1472 1746 1630 1790 gratiam.
1653 1745 1729 1781 Nec
1750 1743 1816 1781 fuit
1830 1744 1877 1781 ibi
1892 1745 2034 1795 probata
2045 1748 2174 1796 gratia,
2190 1745 2370 1786 velcbari,

1474 1804 1524 1829 tas
1536 1807 1574 1830 ex
1596 1793 1774 1833 effechbus
1796 1799 1972 1846 priuatiuis
1986 1820 1996 1838 ‚
2010 1809 2046 1834 νε
2068 1809 2142 1832 non
2163 1795 2227 1833 eise
2247 1800 2366 1833 inimi-

1473 1857 1555 1887 cus,
1577 1845 1632 1882 vel
1646 1847 1924 1884 inreconciliatus
1937 1850 2041 1897 ‚quia
2063 1848 2104 1884 ad
2125 1846 2206 1885 illos
2230 1846 2372 1890 effebius

1473 1898 1509 1931 in
1523 1900 1635 1932 anima
1646 1899 1755 1948 potest
1768 1901 1862 1936 Deus
1880 1897 1912 1935 se
1924 1898 2048 1937 habere
2066 1910 2138 1935 non
2152 1897 2296 1948 pofitiue
2309 1924 2321 1940 ‚
2335 1911 2372 1936 vt

1474 1947 1516 1982 ad
1529 1953 1657 1985 amicos
1670 1974 1681 1989 ,
1697 1950 1749 1986 vel
1763 1949 1854 1986 filios
1865 1954 1961 2000 regni
1976 1975 1986 1991 ,
1997 1948 2123 1998 quibus
2139 1949 2210 1987 vult
2225 1949 2373 1993 bonnm,

1474 1996 1528 2034 sed
1542 2000 1709 2048 priuatiue
1721 2013 1775 2041 ‚vt
1791 2002 1887 2038 nolle
1905 2001 2030 2038 malum
2043 2003 2091 2038 eis
2106 2025 2118 2042 ,
2128 2000 2183 2042 vel
2200 2000 2372 2039 nouvelle

1475 2050 1509 2092 se
1523 2053 1696 2091 vindicate
1707 2053 1749 2089 de
1760 2055 1821 2090 eis.

1622 2150 2086 2194 SCHOLIVM
2147 2152 2233 2193 111.

1526 2251 1591 2286 Ait
1611 2250 1647 2285 de
1658 2250 1746 2298 fallo
1771 2253 1883 2287 nullum
1889 2262 2048 2302 peccatum
2055 2276 2067 2292 ,
2082 2250 2151 2298 fine
2165 2250 2283 2286 allude
2296 2248 2374 2298 ‚siae

1474 2302 1619 2350 originale
1628 2328 1639 2343 ,
1647 2302 1887 2351 ‘olli'sinegratiae
1895 2302 2050 2349 infufione,
2063 2305 2100 2341 ἀ
2114 2306 2142 2338 C
2142 2301 2375 2349 ircumcrfionem

1474 2354 1621 2401 originale
1630 2349 1936 2404 deleusffipergratiae
1946 2353 2118 2401 infufionem
2129 2368 2140 2388 .·
2150 2350 2273 2402 ea‘mque
2281 2356 2373 2404 prin-

1476 2401 1606 2454 cipaliics
1624 2403 1796 2450 institutam
1814 2407 1905 2453 fuaffi
1926 2404 1969 2440 ad
1988 2403 2198 2452 confitendam
2222 2408 2376 2453 gratiam,

1475 2452 1568 2503 qusint
1575 2455 1618 2490 ad
1625 2455 1783 2492 delendum
1788 2467 1947 2504 peccatum
1956 2481 1966 2497 ‚
1978 2459 2052 2504 quia
2061 2469 2150 2506 agens
2160 2459 2250 2491 iuxta
2259 2458 2375 2491 reliam

1475 2508 1623 2541 rationein
1630 2503 1718 2556 priias
1727 2533 1737 2548 ,
1749 2509 1788 2546 ἀ
1794 2505 1998 2558 principaliiss
2019 2506 2151 2543 intendit
2161 2507 2376 2558 perfeflr'onem

1476 2559 1515 2596 ό·
1526 2556 1666 2594 habitum
1677 2583 1688 2600 ,
1699 2557 1791 2608 quim
1803 2561 1970 2595 carentium
1986 2558 2129 2606 defeilm.

1583 2659 1733 2696 Vanu‘sm
1757 2661 1796 2698 ad
1821 2659 2004 2698 secundnm
2020 2660 2199 2698 articulum
2213 2685 2224 2702 ‚
2251 2660 2294 2697 de
2305 2673 2370 2711 po-

1584 2715 1691 2747 tentia
1705 2714 1884 2753 ordinata,
1903 2714 1984 2749 dico
2008 2714 2103 2762 quod
2122 2712 2229 2748 modo
2251 2712 2369 2749 secun·

1474 2760 1556 2799 ditm
1570 2763 1661 2813 leges
1681 2762 1828 2800 firmatas
1839 2762 1981 2800 arbitrio
2005 2763 2174 2813 sapienriae
2195 2762 2280 2804 suae,
2299 2776 2372 2799 non

1474 2812 1707 2864 potestsipfis
1722 2813 1886 2851 stantibus
1903 2839 1913 2855 ‚
1936 2813 2069 2852 auferre
2088 2827 2263 2865 peccatum
2279 2839 2290 2855 ,
2306 2813 2369 2850 mii

1473 2864 1630 2904 conferat
1642 2868 1804 2916 gratiam3
1819 2869 1899 2915 quia
1920 2865 1988 2903 hoc
1999 2868 2106 2903 modo
2117 2867 2229 2903 statuit
2241 2865 2364 2902 volun-

1476 2915 1529 2952 tas'
1548 2918 1620 2952 eius
1635 2917 1792 2954 ordinata
1804 2942 1815 2958 ,
1833 2922 1866 2954 ὅ(
1881 2915 2044 2967 sapientia
2065 2922 2138 2954 eius
2161 2915 2371 2957 infallibilis,

1476 2968 1571 3016 quod
1592 2966 1726 3005 nullum
1741 2967 1801 3005 fibi
1822 2969 2059 3006 reconciliaret
2079 2969 2120 3005 ad
2142 2981 2258 3018 pacem
2275 2993 2286 3009 ,
2308 2966 2371 3005 nifi

1478 3021 1580 3054 etiam
1595 3015 1668 3068 ipso
1693 3031 1868 3069 acceptato
1879 3020 1919 3056 ad
1935 3023 2134 3057 amicitiam.
2156 3020 2232 3055 Post
2244 3016 2372 3069 lapsum

1478 3071 1605 3119 quippe
1625 3073 1726 3120 primi
1758 3071 1912 3107 hominis
1938 3083 2060 3108 omnes
2095 3068 2278 3107 nascuntur
2310 3070 2372 3120 filij

1477 3124 1557 3162 irae,
1571 3125 1605 3158 &
1626 3123 1748 3158 mortis
1762 3137 1771 3165 ς
1785 3135 1825 3159 ex
1839 3120 1908 3171 ipsa
1919 3120 1995 3171 lege
2014 3121 2100 3159 nulli
2122 3124 2376 3162 remittitiram.

1478 3171 1540 3207 nisi
1549 3174 1759 3222 acceptando
1766 3174 1808 3209 ad
1820 3176 2005 3209 amicitiam
2021 3199 2032 3215 ,
2047 3178 2081 3211 &
2093 3186 2151 3222 per
2163 3171 2377 3222 consequens

1479 3222 1565 3259 nulli
1578 3226 1722 3260 remittit
1739 3223 1872 3273 eulpam
1888 3249 1899 3264 ,
1919 3222 1981 3259 nifi
1996 3227 2049 3262 cui
2063 3222 2199 3261 confert
2219 3228 2377 3274 gratiam,

1481 3279 1515 3311 &
1536 3275 1687 3324 acceptat
1712 3275 1752 3311 ad
1765 3278 1868 3311 vitam
1881 3287 2042 3310 aternam
2056 3300 2066 3315 ,
2078 3279 2114 3313 &
2135 3274 2214 3312 ideo
2227 3279 2375 3324 quicun-

1481 3338 1548 3373 que
1561 3326 1668 3361 modi>
1679 3324 1846 3366 moritu't,
1869 3324 1921 3362 vel
1937 3326 1983 3361 est
1995 3325 2086 3363 filius
2108 3329 2165 3362 irae
2179 3351 2189 3366 ,
2211 3326 2265 3362 vel
2287 3325 2378 3365 filius

1481 3379 1589 3425 regni.
1616 3379 1699 3413 Non
1719 3375 1763 3413 (ie
1783 3390 1852 3413 erat
1865 3378 2024 3413 statutum
2048 3379 2084 3413 in
2105 3378 2190 3414 statu
2212 3379 2379 3414 innocen·

1479 3430 1535 3463 tiae
1548 3452 1558 3468 ,
1570 3431 1649 3476 quia
1664 3426 1844 3465 secundum
1861 3428 2074 3477 Magistrum,
2090 3428 2242 3473 &simne
2252 3427 2375 3477 habuis:

1472 3481 1542 3526 sent
1554 3478 1634 3513 vnde
1640 3476 1721 3523 stare
1733 3480 1840 3528 pofflm
1850 3504 1862 3521 ,
1881 3481 1986 3524 vtsuae
2008 3480 2164 3515 naturalia
2182 3482 2302 3529 integra
2312 3506 2322 3520 .
2336 3483 2377 3520 ώ·

1480 3530 1562 3564 reela
1572 3554 1582 3570 ‚
1594 3542 1652 3564 non
1663 3540 1766 3564 tamen
1781 3528 1943 3576 babutfflnt
1964 3529 2047 3565 vnde
2060 3530 2254 3579 profeciffent.
2276 3534 2378 3569 Vnde

1482 3586 1563 3617 tunc
1578 3594 1649 3617 non
1666 3579 1803 3618 fuissent
1822 3579 2004 3618 necelsario
2014 3580 2075 3632 filij
2096 3585 2151 3618 irae
2163 3606 2175 3623 ,
2198 3581 2250 3618 vel
2265 3586 2373 3632 rcgni;

1482 3634 1563 3680 quia
1582 3631 1688 3680 aliqui
1703 3630 1887 3681 potuissent
1900 3640 2096 3681 permanere
2109 3635 2145 3669 in
2165 3633 2375 3670 naturalibus

1483 3682 1635 3724 tantum,
1651 3688 1683 3720 δε
1704 3695 1785 3720 tunc
1797 3682 1819 3720 fi
1832 3695 1968 3734 peccata
1988 3696 2059 3719 non
2073 3681 2176 3720 effent
2198 3709 2209 3726 ,
2231 3687 2374 3734 gratiam

1481 3733 1677 3783 recepiffent
1691 3759 1702 3776 ,
1724 3739 1759 3773 &
1780 3738 1910 3787 accepti
1932 3732 2070 3775 fuiffent
2093 3735 2134 3774 ad
2156 3738 2261 3773 vitam
2274 3749 2372 3772 teter·

1482 3797 1573 3827 nam.

2310 3838 2374 3882 Pet

2402 587 2546 626 Instanti«,

2397 976 2526 1009 Solaimr.

2429 1021 2501 1046 Deus
2512 1020 2591 1058 ponss

2394 1062 2527 1088 remittere
2531 1069 2592 1098 pec-

2395 1101 2590 1141 carumahfique

2396 1141 2532 1171 evantium
2541 1155 2587 1173 cn-

2395 1182 2481 1218 u‘ufiu‘s
2505 1184 2574 1223 μβ·

2395 1225 2461 1255 tini.

2484 2670 2522 2712 8.

2400 2724 2522 2765 Desste
2541 2735 2594 2757 nm

2401 2776 2554 2797 nmirum

2397 2810 2526 2847 originale
2531 2807 2593 2845 abs·

2397 2861 2449 2891 que
2459 2850 2594 2881 cessuim

2390 2893 2496 2930 gratia.
