2736 4042
304 249 456 293 consilium

304 295 361 323 Dei
382 290 482 327 obligat

303 334 341 367 ad
349 342 399 360 nm
410 331 498 360 ‘omi'—

306 373 430 403 nendum.

306 415 416 451 Duplex
438 422 497 440 con-

305 463 418 492 temptus
437 462 500 490 pu·

305 498 375 532 nepti
387 516 395 526 .
411 495 461 523 vel

307 535 411 579 conssl'q'.

306 1481 465 1514 Pnupmm

304 1517 434 1553 obligaret
461 1514 499 1544 ad

304 1558 485 1599 obseruandum.

302 2039 456 2074 Praeepmm

304 2078 417 2108 bominis

305 2117 463 2160 quandoque

303 2168 473 2190 contemnen-

303 2201 378 2232 dum.

398 2631 433 2669 8.

298 2689 362 2716 zm
387 2688 496 2716 Domini

299 2729 396 2765 suaa
411 2750 418 2763 ‚
445 2729 480 2764 <5-

305 2770 495 2803 immaculata.

519 120 660 220 586

583 243 648 279 Sed
661 241 701 278 ad
719 241 800 290 quid
819 239 990 289 obligauit
1015 238 1247 290 promulgatio
1261 234 1423 285 Baptismi

530 307 588 344 per
601 296 744 330 modurn
755 291 1010 339 continszico
1035 292 1130 341 quod
1153 289 1321 338 obligauit
1342 299 1420 322 om-

530 345 730 393 nes‚quibus
744 342 1021 393 promulgabatur
1033 344 1072 378 ad
1085 354 1158 378 non
1172 349 1423 387 contemptum.

532 396 597 435 Sed
608 398 766 432 statutum
778 421 788 436 ,
800 394 852 431 vel
865 406 1070 443 praeceptum
1082 393 1223 429 alicuius
1243 391 1424 438 dupliciter

532 448 642 494 potest
654 450 843 482 contemni.
862 449 942 480 Vno
955 445 1062 480 modo
1075 442 1245 493 negarine,
1258 443 1339 489 quia
1349 452 1423 475 non

531 496 814 540 obseruatur3alio
823 498 929 532 modo
942 495 1125 535 contrarie,
1134 496 1215 543 quia
1226 492 1423 541 impeditur,

530 553 565 584 &
578 548 779 597 reprobatur
789 560 950 596 tanquam
965 547 1115 586 stultum,
1124 544 1302 584 malmin&
1312 545 1422 578 inane.

532 598 727 635 Consilium
742 602 853 648 primo
872 599 978 633 modo
995 611 1068 633 non
1078 596 1422 644 contemnitur‚quia

530 662 603 686 non
618 649 819 686 obseruator
832 675 842 690 ‚
856 652 938 698 quia
949 649 1064 685 nullus
1079 659 1213 684 tenetur
1224 646 1264 681 de
1279 642 1419 681 necessi-

530 713 600 736 tate
614 702 655 736 ad
679 703 751 737 eius
771 699 1050 737 obseruationem
1072 697 1276 747 inquantum
1305 694 1419 732 confi-

527 751 616 790 lium
640 749 715 787 ised
730 751 908 787 consilinm
932 752 1167 787 contemnitur
1180 747 1418 785 secundomo-

528 803 575 838 do
588 803 794 850 inquantum
816 815 978 852 tanquam
1001 800 1197 837 irrationale
1208 825 1219 840 ,
1231 805 1263 835 &
1292 798 1420 834 malum

527 853 729 903 reprobatur
742 859 797 894 ,&
813 855 995 890 deridetur.
1041 856 1159 900 Qem
1181 861 1419 899 contemptum

527 905 631 940 credo
654 902 717 940 effe
740 918 915 954 peccatum
942 903 1087 939 mortale
1099 918 1109 945 ς
1123 903 1203 950 quia
1221 913 1293 937 non
1317 900 1419 935 video

527 956 621 1003 quod
636 954 768 1005 possum
782 967 1004 992 contemnere
1015 979 1025 995 ‚
1036 959 1070 990 &
1083 966 1212 1003 ponere
1224 977 1234 993 ‚
1246 957 1280 989 &
1303 964 1420 1001 repro-

525 1006 606 1043 bare
631 1005 811 1044 confilium
824 1031 833 1047 ,
844 1019 1006 1055 tanquam
1034 1005 1162 1040 malurn
1177 1030 1186 1044 ‚
1212 1010 1246 1040 &
1271 1002 1418 1043 fatuum,

526 1056 587 1093 niti
599 1070 817 1097 contemnam
834 1084 843 1097 ,
857 1064 891 1095 &
907 1055 1086 1106 reprobem
1109 1053 1346 1091 consulentem
1358 1078 1369 1094 ,
1382 1066 1419 1090 vt

525 1107 722 1145 huiusmodi
735 1115 789 1151 3&
803 1109 881 1145 ideo
892 1107 1082 1144 consultius
1098 1105 1175 1142 effer
1191 1106 1348 1142 nolentes
1361 1108 1416 1140 vi-

526 1172 607 1195 uere
619 1157 802 1196 secundum
819 1159 997 1195 consilium
1012 1158 1153 1198 Christi,
1163 1160 1360 1207 permittere
1370 1158 1419 1192 eis

525 1209 717 1246 conseruari
738 1216 773 1246 in
798 1224 900 1260 pace,
915 1215 947 1247 δι
971 1210 1155 1259 implorare
1175 1212 1223 1244 eis
1247 1207 1300 1257 pie
1323 1211 1418 1243 auxi-

524 1261 610 1298 lium
622 1263 709 1311 apud
722 1265 834 1298 Deum
847 1287 857 1302 ,
871 1262 972 1311 qu'am
988 1274 1046 1297 eos
1058 1259 1256 1309 opprobriis
1269 1284 1278 1298 ‚
1293 1263 1327 1295 &
1347 1257 1416 1294 fal-

524 1312 565 1348 fis
580 1312 805 1361 opinionibus
818 1312 985 1349 infestare.
1002 1313 1112 1360 Qod
1121 1315 1212 1347 enim
1224 1308 1284 1359 ipsi
1298 1322 1413 1359 porta-

524 1375 560 1398 re
572 1363 710 1404 nolunt,
727 1367 924 1414 permittant
934 1363 1022 1400 alios
1032 1388 1042 1404 ,
1054 1365 1113 1411 qui
1123 1362 1314 1413 promptius
1327 1361 1418 1395 diui-

524 1418 577 1450 nis
590 1414 741 1451 consiliis
755 1414 987 1464 acquiescunt.

574 1468 783 1516 Praeceptum
797 1480 910 1503 autem
927 1477 1075 1515 vtroque
1087 1464 1193 1499 modo
1218 1463 1417 1498 contemni·

524 1522 629 1557 tun&
644 1518 784 1566 quando
798 1531 870 1553 non
883 1515 1040 1557 seruatur,
1051 1514 1238 1563 &quando
1253 1511 1415 1562 reproba-

523 1569 690 1616 tur,quod
703 1582 775 1605 non
786 1571 959 1618 contingit
974 1567 1043 1603 fieri
1060 1591 1070 1606 ‚
1084 1578 1148 1601 nec
1161 1563 1325 1600 seruando
1336 1588 1347 1605 ,
1361 1562 1417 1600 vel

523 1619 740 1668 reprobando
762 1619 829 1656 sine
842 1632 982 1669 peccato
995 1617 1133 1653 mortali
1149 1631 1159 1658 ς
1171 1619 1251 1665 quia
1262 1618 1321 1664 qui
1334 1628 1418 1651 con-

522 1674 646 1706 temnit
658 1670 1026 1712 mandatum‚similiter
1035 1673 1069 1705 &
1084 1670 1317 1703 mandantem.
1343 1670 1415 1704 Ve-

521 1733 701 1758 runtamen
712 1736 916 1772 praeceptum
940 1721 1126 1757 humanum
1149 1718 1259 1768 potest
1273 1720 1309 1753 in
1326 1713 1418 1760 casu,

519 1771 671 1809 secundo
683 1775 787 1810 modo
806 1776 983 1809 contemni
996 1776 1048 1811 ,δε
1071 1771 1216 1806 derideri
1231 1768 1325 1805 abeo
1340 1793 1350 1808 ,
1361 1773 1416 1807 cui

521 1827 722 1873 imponitur.
751 1823 914 1862 Subditus
938 1827 1032 1859 enim
1053 1835 1125 1857 non
1139 1833 1273 1857 tenetur
1295 1821 1336 1859 de
1352 1834 1414 1857 ne-

520 1873 670 1912 ceffirate
695 1875 817 1912 habere
844 1874 961 1911 falsam
980 1876 1186 1924 opinionem
1211 1873 1253 1908 de
1273 1871 1417 1908 Praelato

521 1923 678 1976 su05ergo
692 1926 713 1962 si
726 1927 795 1976 ipse
809 1927 923 1963 stultas
934 1930 967 1963 δι
980 1925 1090 1961 fatuas
1103 1925 1196 1973 leges
1208 1923 1418 1973 facit,potest

522 1981 557 2014 &
584 1977 694 2027 legem
713 1983 748 2016 &
771 1979 990 2014 mandantem
1014 1987 1236 2012 contemnere
1249 1999 1258 2015 .
1276 1975 1418 2023 &quod

522 2039 578 2065 eas
592 2041 730 2066 reuocet
746 2055 755 2072 ,
767 2042 802 2066 vt
815 2029 967 2069 infirmas
980 2027 1139 2069 ,firmiter
1152 2027 1315 2063 laborare.
1332 2027 1419 2062 Non

523 2091 638 2116 tamen
653 2080 753 2117 debet
778 2081 923 2117 inferior
943 2083 1056 2131 primo
1077 2080 1184 2114 modo
1198 2090 1420 2114 contemnere

524 2143 731 2182 praeceptum
743 2131 974 2182 superioris‚id
985 2131 1044 2171 est,
1055 2143 1126 2165 non
1137 2127 1352 2165 obseruando
1368 2142 1418 2170 ea,

524 2195 598 2231 quae
612 2185 852 2232 praecipiuntur
862 2183 903 2219 ab
914 2195 956 2218 eo
970 2198 979 2225 ;
991 2184 1072 2231 quia
1086 2181 1251 2231 quamdiu
1265 2177 1418 2216 subditus

523 2235 581 2275 est,
592 2247 726 2271 tenetur
738 2234 773 2270 in
785 2233 948 2270 omnibus
960 2232 1111 2273 obedire,
1126 2246 1201 2280 quae
1212 2244 1284 2267 non
1293 2235 1417 2267 imme-

523 2285 614 2321 diate
636 2284 712 2322 sunt
727 2298 847 2321 contra
862 2288 973 2321 Deum
987 2310 997 2325 ,
1009 2289 1042 2320 &
1057 2284 1171 2319 bonos
1195 2295 1319 2318 mores.
1354 2285 1419 2318 Di-

523 2349 566 2372 co
601 2350 684 2386 ergo
717 2338 811 2386 quod
843 2337 901 2372 illa
928 2335 1100 2386 obligatio
1132 2346 1252 2370 omnes
1281 2333 1419 2383 obliga-

523 2391 573 2424 uit
600 2389 640 2423 ad
663 2400 733 2423 non
748 2400 970 2424 contemnere
993 2386 1140 2422 secundo
1153 2386 1281 2421 modo:
1296 2383 1416 2421 stcun-

522 2440 565 2474 da
589 2451 701 2475 autem
715 2452 784 2475 tam
798 2440 838 2474 ad
853 2453 923 2474 non
936 2450 1158 2473 contemnere
1170 2439 1284 2486 ptimo
1299 2437 1419 2477 modo,

522 2490 625 2538 quam
642 2488 801 2542 secundo.
812 2492 911 2527 Vnde
923 2491 1002 2525 dico
1017 2489 1111 2537 quod
1124 2501 1244 2523 omnes
1255 2512 1265 2528 ‚
1277 2488 1317 2523 ad
1329 2501 1418 2536 quos

523 2545 677 2589 peruenit
697 2542 930 2591 promulgatio
953 2567 963 2582 ‚
989 2551 1150 2576 tenentur
1173 2540 1215 2575 ad
1236 2536 1421 2588 susceptio-

522 2605 601 2628 nem
615 2595 696 2628 cius.

574 2643 754 2690 Qantum
768 2643 808 2679 ad
825 2644 963 2679 tertium
983 2641 1173 2678 articulum
1187 2641 1228 2676 de
1239 2643 1419 2676 circumci-

525 2692 618 2730 fione
644 2698 681 2730 in
708 2697 966 2744 comparatione
989 2694 1029 2729 ad
1052 2691 1261 2742 Baptismum
1278 2707 1286 2735 3
1301 2692 1420 2728 dicunt

524 2746 664 2792 quidam
677 2772 686 2787 ,
699 2760 736 2782 ac
750 2744 770 2781 fi
797 2744 1009 2781 circumcisio
1023 2743 1223 2793 simpliciter
1233 2756 1303 2779 erat
1319 2743 1420 2784 mala,

524 2801 558 2833 δε
572 2795 724 2832 fimiliter
738 2796 897 2833 sacrificia
908 2799 994 2832 eius.
1011 2796 1076 2832 Sed
1088 2796 1175 2831 istud
1198 2794 1363 2831 redundat
1383 2798 1420 2830 in

523 2849 636 2884 Denm
650 2874 659 2889 ,
672 2851 753 2897 quia
764 2850 856 2884 Deus
879 2859 1054 2896 nunquam
1071 2847 1185 2882 statuit
1209 2846 1355 2894 aliquam
1371 2845 1423 2882 le·-

525 2912 622 2948 gem,
645 2903 731 2948 quin
755 2898 832 2935 essct
857 2898 971 2939 bona,
995 2903 1029 2934 &
1045 2896 1224 2937 saneim&
1244 2899 1420 2932 meritoria

525 2950 679 2999 illis‚qui
697 2949 915 2986 obseruarent
934 2949 1028 2985 illam
1045 2975 1054 2989 ‚
1068 2953 1149 2998 quia
1162 2950 1260 2984 aliter
1272 2961 1344 2983 non
1364 2950 1418 2983 vi-

524 3014 762 3050 tuperarentur
772 3014 842 3037 non
855 2999 1074 3037 obseruantes
1085 3013 1158 3036 eam
1170 3025 1180 3041 ,
1191 3013 1255 3036 nec
1268 3002 1421 3048 praemia-

526 3065 644 3088 rentur
658 3051 878 3088 obseruantes
890 3066 973 3088 eam.

577 3104 642 3139 Sed
660 3105 752 3140 dices
765 3129 775 3145 ‚
789 3103 809 3139 si
824 3103 875 3139 lex
901 3104 1093 3139 ludaeorum
1122 3101 1191 3138 fuit
1213 3101 1422 3151 bona‚ergo

527 3154 684 3191 Christus
706 3158 811 3204 gratis
825 3167 979 3190 mortuus
998 3154 1044 3189 est
1056 3179 1066 3194 ,
1078 3157 1111 3190 &
1125 3153 1192 3190 sine
1204 3150 1299 3188 causa
1313 3178 1323 3194 ,
1340 3158 1422 3202 qnia

527 3218 601 3242 non
615 3206 659 3244 est
674 3219 828 3242 mortuus
849 3205 910 3242 nist
932 3219 966 3241 vt
981 3203 1141 3240 cessarent
1158 3205 1215 3239 ista
1229 3203 1349 3253 legalia
1363 3230 1373 3244 ,
1386 3209 1421 3240 δε

526 3257 626 3307 plene
640 3270 766 3306 pateret
779 3257 912 3294 homini
927 3261 982 3291 via
995 3257 1035 3292 ad
1050 3255 1187 3292 salutem
1203 3268 1211 3290 t
1226 3254 1246 3290 fi
1259 3268 1342 3303 ergo
1364 3256 1421 3291 ista

526 3312 581 3344 via
596 3307 632 3344 stt
646 3308 736 3344 bona
749 3310 789 3344 ad
804 3308 1116 3356 salutem,gratis,&
1132 3306 1198 3343 tine
1211 3305 1305 3342 cansa
1320 3306 1422 3342 Chri-

526 3360 593 3395 stus
610 3373 766 3396 mortuus
783 3360 839 3396 est.

577 3414 668 3447 Dico
683 3424 766 3460 ergo
781 3410 875 3460 quod
887 3409 938 3445 lex
950 3409 1008 3444 ista
1024 3405 1175 3445 Mosa‘ica
1189 3408 1252 3444 fuit
1264 3408 1354 3444 bona
1370 3411 1420 3444 in·

528 3461 695 3510 quantum
707 3476 809 3511 opera
820 3465 891 3497 eius
905 3460 1029 3496 fiebant
1043 3465 1078 3495 in
1092 3459 1158 3496 fide
1170 3463 1301 3495 venturi
1317 3485 1326 3500 ‚
1339 3458 1421 3496 ficut

528 3526 632 3562 opera
649 3514 732 3562 legis
754 3513 872 3549 nostra:
893 3511 978 3547 fiunt
1003 3515 1037 3546 in
1064 3510 1129 3546 fide
1154 3510 1245 3551 illins
1260 3536 1268 3550 ,
1282 3513 1341 3559 qni
1355 3514 1421 3546 iam

528 3568 636 3600 venit.
658 3565 757 3600 Vnde
769 3563 810 3599 ab
821 3565 942 3599 eodem
958 3588 969 3603 ,
980 3563 997 3597 a
1011 3576 1082 3610 quo
1095 3573 1130 3597 vt
1151 3565 1217 3597 iarn
1231 3564 1423 3603 incarnato,

527 3620 561 3652 &
578 3613 666 3664 passo
683 3615 872 3651 habuerunt
886 3640 895 3654 ,
908 3619 941 3650 δε
965 3613 1091 3649 habent
1115 3614 1331 3648 Sacramenta
1351 3626 1418 3649 no·

531 3667 593 3702 sira
606 3664 789 3703 efficaciam
809 3691 817 3703 .
842 3664 883 3702 ab
903 3664 967 3700 illo
991 3664 1180 3700 habuerunt
1204 3665 1420 3700 Sacramenta

529 3721 654 3753 veteris
670 3718 753 3766 legis
769 3714 952 3753 efficaciam
965 3741 975 3756 ‚
988 3727 1024 3750 vt
1039 3716 1259 3751 incarnando.
1286 3717 1326 3750 Et
1339 3715 1418 3750 idco

533 3771 579 3812 eis
601 3768 653 3805 lex
677 3781 796 3805 eorum
817 3768 930 3808 bona,
953 3771 987 3804 &
1008 3765 1220 3804 rationabilis
1236 3770 1289 3807 ,&
1314 3769 1422 3816 magis

993 107 1160 194 Lib.
1183 101 1349 191 IV.
1398 102 1824 191 Distintffio
1865 105 1903 192 l
1929 105 2046 192 ΙΙ.

1497 237 1710 275 rationabilis
1734 242 1801 281 eis,
1815 241 1917 289 quatu
1934 241 2069 283 nostra,
2091 253 2232 292 propter
2251 244 2380 282 rudita-

1498 301 1567 324 tem
1579 301 1697 326 eorum
1709 314 1720 330 ,
1731 295 1766 327 δε
1779 293 1939 328 duritiam
1950 296 1987 328 in
2003 291 2232 342 spiritualibus
2251 296 2293 331 ad
2310 309 2382 332 cre-

1499 340 1660 375 dendum.
1684 343 1719 377 V
1716 344 1779 377 em't
1797 345 1877 377 enim
1895 345 1980 378 Deus
1993 341 2202 384 ,secundum
2225 347 2383 395 Augusti-

1497 402 1580 432 num
1593 415 1603 430 ,
1611 391 1791 441 temporibus
1812 396 1948 443 congruis
1963 392 2175 440 administrare
2187 395 2384 433 medicamen-

1496 451 1549 483 εις
1562 443 1601 479 ά·
1608 445 1682 489 quia
1690 444 1818 493 populus
1826 442 1878 490 tsse
1886 455 1999 494 pronus
2005 455 2072 480 erat
2080 457 2121 480 ex
2133 448 2261 481 minima
2273 460 2384 483 carna-

1495 491 1583 526 litate
1583 494 1645 538 fisa
1653 493 1696 527 ad
1701 495 1908 530 idololatriam
1919 521 1930 538 ,
1941 497 2049 532 maluit
2069 496 2203 544 itlasfiba·
2211 499 2385 547 sacrificari

1497 542 1749 592 villimasqudm
1758 548 1907 583 Damni.

1546 596 1651 631 Dices
1673 597 1768 645 quod
1788 610 1880 633 mors
1899 597 2056 634 animalis
2076 610 2150 634 non
2162 598 2272 649 placer
2291 602 2383 642 Deo,

1497 647 1577 693 quia
1589 649 1661 682 eius
1670 653 1813 689 mors,&
1826 648 2021 684 immolatio
2031 661 2104 685 non
2115 650 2162 685 est
2172 649 2273 687 bona.

1546 695 1866 747 Respondeo,licet
1891 700 2235 738 mors&immolatio
2253 704 2383 738 anima-

1496 745 1539 782 lis
1552 749 1757 796 inquantum
1771 751 1817 786 est
1837 753 1987 800 priuatio
1998 754 2076 787 vitae
2099 751 2292 790 formaliter
2309 764 2383 790 non

1495 795 1535 832 fit
1547 796 1638 835 bona
1649 824 1660 840 ,
1673 812 1787 837 tamen
1799 801 2003 850 inquantum
2018 803 2260 852 imponebatur
2273 803 2292 839 ὲ
2304 806 2383 841 Deo

1495 850 1537 884 ad
1579 849 1779 899 signandum
1808 865 1925 889 verum
1966 854 2222 892 Sacramentum
2259 859 2383 892 mortis

1497 899 1626 937 Christi
1641 905 1696 943 ‚in
1719 917 1790 951 quo
1809 902 2130 945 offerebatur‚ficut
2143 918 2250 956 agnus
2261 908 2384 943 imma-

1495 951 1628 988 culatus
1646 952 1737 990 filius
1749 957 1815 990 Dei
1827 953 1887 991 suo
1905 957 1995 991 Patri
2010 980 2021 996 ,
2033 953 2075 992 fic
2088 956 2232 994 maxime
2244 956 2311 994 fuit
2322 971 2383 995 ac-

1493 1014 1592 1051 cepta
1602 1006 1680 1040 Deo
1691 1018 1754 1054 pro
1765 1019 1906 1043 munere
1916 1011 1950 1044 &
1961 1004 2129 1056 obsequio
2140 1006 2382 1059 gratiffim0‚&

1494 1051 1715 1091 solummodo
1728 1057 1917 1106 adaequato.

1544 1105 1641 1142 Licet
1662 1120 1745 1156 ergo
1759 1108 1984 1147 Circumcifio
2005 1123 2075 1148 erat
2089 1109 2183 1148 bona
2195 1137 2207 1152 ‚
2220 1122 2334 1148 tamen
2345 1113 2383 1148 in

1494 1157 1645 1194 aduentu
1657 1157 1742 1194 boni
1755 1184 1766 1199 ,
1777 1164 1811 1196 ὅ(
1823 1159 2008 1198 nobilioris
2021 1168 2055 1200 δι
2067 1159 2268 1199 efficacioris
2278 1174 2383 1199 reme-

1494 1208 1556 1254 dii,
1569 1220 1605 1244 vt
1614 1207 1774 1258 Baptismi
1789 1235 1799 1250 ,
1812 1211 1931 1249 debuit
1944 1211 2074 1250 cessare.
2087 1211 2276 1264 Baptismus
2289 1217 2382 1251 enim

1491 1259 1538 1294 est
1548 1262 1735 1294 remedium
1745 1260 1869 1296 melius
1879 1286 1889 1301 ,
1900 1267 1936 1298 ἀ
1946 1263 2098 1302 nobilius
2110 1291 2120 1306 ,
2131 1268 2212 1313 quia
2223 1277 2380 1302 commu-

1492 1320 1536 1343 ne
1550 1309 1737 1345 remediutn
1751 1311 1796 1346 est
1807 1334 1818 1351 ‚
1830 1310 1907 1346 cum
1920 1316 2079 1350 extendat
2094 1314 2126 1350 se
2138 1317 2179 1350 ad
2201 1327 2384 1365 Vtrumque

1492 1356 1627 1401 sexum,
1638 1373 1711 1396 non
1728 1359 1772 1397 fic
1791 1362 2018 1400 Circumcifio
2028 1380 2038 1408 ς
2051 1366 2098 1401 est
2116 1368 2219 1400 etiarn
2241 1369 2278 1401 in
2290 1380 2384 1402 corn-

1491 1412 1646 1448 rnunioti
1666 1414 1883 1455 materia3est
1905 1418 2010 1452 etiam
2033 1415 2219 1452 remedium
2236 1417 2384 1465 plenius,

1492 1465 1574 1510 quia
1583 1461 1775 1510 pleniorem
1790 1489 1801 1505 ‚
1813 1469 1848 1502 &
1860 1468 2025 1504 maiorem
2037 1469 2181 1516 gratiam
2195 1465 2334 1503 confert
2347 1470 2386 1504 in

1492 1516 1623 1549 virtute
1644 1513 1808 1551 Paffionis
1834 1516 1963 1553 Christi
1986 1521 2053 1554 iam
2077 1516 2237 1554 exhibita
2249 1543 2260 1559 ,
2280 1517 2384 1566 quam

1493 1564 1719 1602 Circumcifio
1732 1592 1744 1607 ,
1756 1568 1853 1603 cuius
1865 1570 1972 1606 virtus
1983 1581 2054 1605 erat
2078 1569 2097 1605 a
2114 1566 2268 1605 Paffione
2281 1566 2385 1606 Chri-

1492 1615 1530 1651 sti
1555 1614 1693 1666 praeuisa
1705 1622 1740 1654 &
1753 1619 1949 1666 praectedita
1959 1619 2125 1658 exhiberi.
2146 1620 2201 1657 Est
2213 1623 2315 1657 etiarn
2327 1621 2384 1657 Sa-

1491 1679 1704 1704 cramentum
1729 1667 1866 1706 facilius
1875 1667 2067 1722 suscipienti
2079 1696 2089 1714 ,
2100 1684 2276 1720 nunquam
2289 1674 2383 1708 enim

1491 1720 1601 1767 potest
1622 1732 1748 1756 nocere
1770 1719 1938 1770 susceptio
1961 1748 1972 1766 ,
1995 1725 2077 1772 quia
2095 1722 2229 1760 nullum
2251 1721 2382 1773 infligit

1492 1769 1651 1807 dolorem
1663 1796 1674 1812 ,
1684 1784 1748 1807 nec
1770 1772 1914 1822 paruulo
1929 1798 1940 1815 ‚
1952 1787 2017 1811 nec
2037 1773 2157 1810 adulto
2169 1798 2181 1815 ,
2192 1775 2273 1823 quia
2295 1782 2383 1823 aqua

1492 1823 1606 1870 tepida
1618 1847 1628 1863 ,
1648 1835 1722 1870 quae
1741 1825 1788 1859 est
1811 1828 2024 1862 conueniens
2043 1828 2185 1861 materia
2204 1822 2382 1874 Baptismi‚

1491 1877 1599 1922 magis
1614 1875 1749 1910 videtur
1762 1874 1922 1913 alleuiare
1933 1900 1944 1918 ,
1954 1876 2056 1926 quarn
2068 1888 2206 1926 grauate
2217 1900 2228 1916 ‚
2243 1880 2280 1914 ὃ(
2300 1875 2381 1912 ideo

1491 1921 1693 1961 balneantur
1713 1929 1807 1974 pueri
1828 1929 1865 1962 in
1885 1939 1972 1975 aqua
1994 1927 2112 1964 calida.
2154 1925 2381 1963 Circumeifio

1491 1973 1560 2011 fuit
1582 1975 1840 2025 suscipientibus
1855 1977 2002 2015 multum
2020 1975 2169 2015 difficilis
2182 2004 2193 2019 ,
2214 1983 2250 2015 δε
2273 1977 2378 2014 dolo-

1491 2038 1561 2062 rem
1574 2040 1735 2076 magnum
1747 2026 1926 2077 infligebat
1941 2055 1949 2068 ‚
1962 2034 1997 2067 &
2013 2029 2083 2066 haec
2094 2041 2163 2066 etat
2176 2027 2285 2070 causa,
2322 2043 2381 2065 ua-

1491 2090 1607 2114 renon
1619 2079 1910 2115 circumcidebant
1931 2079 1993 2131 filij
2006 2080 2104 2117 Isra’c'l
2120 2080 2279 2130 paruulos
2318 2091 2380 2117 uos

1491 2133 1591 2165 annis
1613 2131 1838 2179 quadraginta
1859 2131 2099 2181 odimquibus
2118 2130 2304 2168 transibant
2322 2144 2382 2181 per

1492 2179 1658 2216 desertum
1671 2195 1681 2224 3
1693 2194 1732 2217 ex
1743 2182 1817 2231 lege
1825 2185 1919 2218 enim
1929 2182 2099 2219 habebant
2113 2208 2125 2224 ,
2137 2182 2232 2232 quod
2245 2194 2381 2232 pertres

1491 2232 1564 2267 dies
1586 2231 1810 2281 requiesceret
1831 2233 2049 2270 circumcisus
2071 2260 2081 2275 ,
2102 2239 2137 2271 &
2155 2234 2301 2270 maxime
2327 2235 2384 2270 die

1492 2285 1594 2319 tertia
1608 2308 1618 2323 ,
1632 2286 1712 2332 quia
1723 2283 1781 2319 illa
1793 2284 1850 2320 die
1865 2283 1933 2320 fuit
1953 2285 2054 2322 dolor
2068 2284 2310 2321 vehementior
2322 2309 2332 2326 ,
2347 2289 2384 2323 δε

1493 2334 1572 2369 ideo
1582 2334 1644 2370 isto
1667 2335 1723 2370 die
1745 2333 1993 2372 interfecerunt
2022 2335 2082 2385 filij
2105 2335 2208 2372 Iacob
2223 2339 2318 2372 viros
2330 2338 2383 2372 Si·

1492 2384 1592 2420 chem
1607 2411 1616 2424 ,
1627 2388 1767 2422 nouiter
1779 2386 2010 2428 circumcisos,
2023 2399 2163 2436 propter
2174 2386 2382 2436 nefas‚quod

1493 2435 1576 2472 fecit
1590 2436 1679 2473 filius
1690 2437 1911 2474 Sicltem'cum
1924 2440 2015 2474 Dina
2026 2436 2140 2473 sorore
2149 2451 2279 2475 eorum.
2308 2438 2381 2487 filij

1492 2499 1605 2524 autem
1620 2486 1717 2523 Israe‘l
1732 2487 1984 2537 proficiscentes
1998 2502 2055 2538 per
2074 2488 2241 2526 desertum
2255 2487 2384 2526 nescie—

1493 2551 1572 2574 runt
1585 2540 1724 2587 quando
1748 2552 1926 2576 mouerent
1946 2539 2164 2576 tabernacula
2175 2566 2185 2582 ,
2198 2545 2233 2578 ὅ(
2252 2539 2329 2576 ideo
2340 2553 2384 2577 ne

1494 2602 1633 2639 propter
1645 2593 1789 2626 nimium
1801 2590 1959 2627 dolorem
1972 2592 2218 2639 impedirentur
2231 2594 2378 2627 circum-

1492 2640 1547 2676 cifi
1560 2654 1679 2677 eorum
1694 2640 1735 2677 ab
1748 2642 1965 2683 itinere,ideo
1977 2643 2161 2679 noluerunt
2173 2655 2232 2678 eoa
2242 2645 2384 2678 circum-

1492 2693 1616 2728 cidere.
1645 2694 1711 2728 Sed
1733 2690 1922 2741 Baptismus
1946 2693 2134 2730 excellebat
2155 2690 2384 2730 circumcisio-

1492 2756 1572 2779 nem
1587 2745 1704 2780 inistis
1718 2743 1827 2780 tribus
1841 2769 1852 2785 ,
1864 2748 1899 2781 &
1913 2744 1991 2780 ideo
2001 2744 2083 2780 iuste
2095 2743 2212 2780 debuit
2226 2743 2285 2780 fibi
2305 2755 2381 2779 cre-

1493 2796 1572 2831 dere
1585 2820 1596 2835 ,
1618 2799 1652 2831 &
1681 2795 1833 2831 totaliter
1859 2821 1870 2836 ,
1887 2799 1968 2845 quia
1992 2804 2064 2831 non
2094 2793 2169 2831 sunt
2197 2796 2266 2832 duo
2287 2806 2381 2831 tota-

1493 2845 1572 2881 liter
1589 2846 1737 2882 remedia
1764 2846 1805 2882 acl
1830 2844 1970 2884 salutem
1983 2871 1993 2888 ‚
2006 2858 2043 2883 vr
2065 2845 2247 2896 probatum
2269 2846 2315 2882 est
2329 2843 2382 2882 su-

1494 2896 1614 2947 petius.

1545 2951 1631 2995 Qo
1646 2960 1801 2996 tempore
1815 2945 1943 2984 cessarit
1956 2947 2182 2985 Circumcifio
2195 2957 2205 2983 Ξ
2216 2946 2285 2983 Hic
2297 2947 2383 2983 dici-

1493 3011 1548 3035 tur
1559 3024 1568 3039 ‚
1580 2999 1673 3047 quod
1687 2998 1753 3035 fuit
1775 2997 1971 3048 simpliciter
1995 2997 2172 3036 necessaria
2182 3000 2223 3035 ad
2242 2997 2381 3034 salutem

1492 3048 1597 3099 vsque
1610 3051 1649 3086 ad
1664 3048 1850 3087 Paffionem
1870 3049 2017 3092 Christi,
2030 3064 2100 3100 quo
2117 3062 2271 3099 tempore
2284 3049 2379 3085 cade-

1494 3101 1549 3137 bat
1562 3100 1750 3143 Baptismus
1762 3099 1819 3138 sub
1828 3099 1987 3142 consilio,
1999 3105 2080 3151 quia
2091 3099 2194 3150 vsque
2208 3101 2248 3136 ad
2262 3098 2383 3137 Passio·

1494 3165 1572 3188 nem
1587 3151 1716 3188 Christi
1742 3152 1861 3189 habuit
1874 3148 2058 3188 efficaciam
2085 3151 2310 3189 Circumcisio
2323 3177 2334 3193 ‚
2346 3156 2382 3188 δε

1494 3206 1712 3239 Sacramenta
1733 3203 1817 3252 legis
1839 3205 1963 3239 vereris
1987 3228 1998 3245 ,
2018 3217 2052 3239 vr
2076 3203 2169 3251 prius
2200 3202 2383 3253 probatum

1494 3255 1560 3296 est;
1581 3257 1660 3303 quia
1680 3257 1715 3289 in
1739 3255 1853 3290 Coena
1873 3255 2024 3291 comedit
2047 3254 2204 3291 Christus
2225 3267 2302 3291 cum
2326 3254 2382 3290 di-

1495 3304 1631 3355 scipulis
1663 3303 1728 3340 suis
1759 3318 1884 3354 agnum
1904 3330 1915 3346 ,
1937 3306 2033 3354 quod
2065 3304 2130 3342 fuit
2166 3318 2252 3355 opus
2288 3304 2383 3341 illius

1493 3356 1590 3398 legis.
1630 3356 1696 3392 Sed
1720 3357 1793 3405 post
1814 3368 1960 3392 mortem
1983 3358 2104 3393 dicunt
2128 3358 2268 3405 quidam
2288 3356 2384 3405 quod

1495 3397 1660 3455 susceptio
1695 3405 1961 3443 circumcisionis
2004 3420 2075 3443 erat
2107 3408 2194 3444 mala
2224 3433 2234 3449 ‚
2270 3412 2305 3445 δε
2337 3406 2382 3443 il-

1494 3460 1600 3495 licita.

1545 3510 1700 3557 Qidam
1730 3507 1858 3545 sobrius
1891 3508 2071 3557 loquentes
2099 3534 2109 3549 ‚
2139 3510 2258 3545 dicunt
2281 3507 2385 3557 ipsam

1496 3560 1593 3596 fuisse
1612 3562 1740 3596 licitam
1752 3586 1761 3601 ‚
1775 3559 1828 3596 sed
1840 3574 1912 3596 non
1935 3560 2046 3596 valere
2064 3561 2104 3596 ad
2118 3558 2254 3596 salutem
2268 3560 2386 3608 aliquo

1496 3613 1602 3647 modo
1618 3637 1626 3652 ,
1640 3615 1720 3658 quia
1733 3611 1889 3648 Saluator
1902 3615 2197 3660 appropinquante
2209 3623 2320 3647 morte
2332 3609 2388 3646 sua

1495 3664 1829 3708 dixit‚consitmmamm
1839 3661 2012 3706 est‚loann.
2020 3677 2031 3698 r
2040 3675 2071 3705 9.

1545 3716 1586 3750 Et
1601 3712 1622 3748 si
1635 3725 1716 3750 runc
1730 3726 1897 3763 quaeratur
1909 3712 1950 3747 ab
1961 3715 2008 3748 eis
2020 3713 2199 3761 quomodo
2210 3710 2386 3748 saluaban-

1494 3776 1548 3802 tur
1562 3768 1655 3815 pueri
1670 3762 1907 3809 1udaeorum,fi
1919 3763 2146 3802 Circumcisio
2159 3775 2227 3801 erat
2244 3762 2390 3803 inutilis,

2352 3818 2389 3850 δε

2413 345 2593 385 Augustinus.

2412 719 2497 750 Mm,
2508 715 2542 754 ό
2550 718 2606 746 in·-

2411 758 2524 787 molan'e
2540 759 2605 787 ani-

2415 800 2496 830 matu}
2508 802 2537 829 in
2556 809 2609 828 ve·

2411 841 2466 871 teri
2483 845 2541 879 lege
2558 849 2610 871 em·

2413 883 2493 914 bono.
2506 881 2542 918 ό·
2550 885 2608 913 D'aeo

2414 929 2535 962 accepta.

2412 1170 2436 1196 Ε
2440 1166 2585 1195 *eruent-'a

2412 1208 2578 1247 Bathuper

2411 1247 2588 1287 circumcisio-

2412 1301 2483 1322 m·

2412 1930 2505 1969 aar·
2524 1930 2579 1971 fili

2411 1972 2496 2011 Israel
2513 1983 2566 2003 non

2411 2015 2586 2043 circumcide-

2410 2054 2607 2096 bmpanculos

2411 2098 2476 2126 dum
2503 2095 2603 2136 tranfi-

2412 2147 2472 2168 rent
2478 2138 2564 2178 desn-

2412 2189 2482 2212 nnn.

2413 3000 2456 3028 De
2471 2998 2608 3038 ‘effatione

2412 3039 2591 3079 circumcisio·

2412 3082 2451 3110 nt'c
2468 3081 2522 3110 dua
2550 3082 2606 3121 opi·

2412 3132 2510 3153 neonu-
