2736 4042
120 395 215 427 Prinna
240 392 311 422 urio

121 433 292 472 Gandmnfi

119 1013 250 1048 Secunda,

117 1401 221 1434 rareio.

119 2238 197 2270 um
222 2240 315 2268 heun-

119 2283 229 2312 Μέσον
247 2279 315 2319 0δῇ-

119 2325 194 2352 eim
242 2322 276 2351 de

119 2363 224 2402 christi
254 2373 312 2393 cor-

121 2495 262 2539 noqmfio.

126 3494 222 3526 'rimu
245 3495 317 3523 ratio

123 3540 163 3568 D.
176 3534 286 3565 stoma.

124 3735 255 3766 secunda.

1009 97 1375 205 Quaestio
1425 94 1524 184 11
1550 96 1606 184 1.

339 229 467 270 solutio
484 236 600 284 prim:
611 259 621 278 ,
641 238 677 273 δε
689 247 762 272 non
778 231 926 271 multum
936 230 1101 270 differunt
1113 255 1124 271 ,
1138 231 1241 280 quid-

341 286 425 333 quid
438 287 552 323 dicant
563 287 634 334 alij.
654 288 787 323 Dicunt
798 290 903 336 igitur
911 285 1051 334 quidam
1063 282 1157 332 quod
1170 294 1245 317 nou

340 335 388 371 est
399 335 556 386 poffibile
568 339 659 374 idem
673 350 798 387 corpus
815 336 879 374 eisc
901 339 939 372 in
951 333 1091 372 diuersis
1102 333 1190 369 locis
1202 331 1242 368 fi-

340 390 523 437 mul,quod
534 389 729 426 ostendunt.
741 389 857 427 Primo
870 386 913 423 fic
924 402 932 423 :
945 386 1086 436 quando
1097 383 1243 432 aliquid,

341 439 509 485 quantum
527 441 574 476 est
595 452 636 475 ex
655 450 749 489 parte
772 442 935 487 potentiae
949 438 1082 488 agentis
1100 460 1111 477 ,
1132 434 1243 483 potest

339 487 414 525 fieri
428 488 611 527 secundum
625 494 738 527 varios
760 492 886 526 modos
906 493 995 525 circa
1016 488 1107 524 idem
1132 484 1240 522 susce-

340 543 497 588 ptiuum,
509 541 533 578 fi
545 540 753 591 impoffibile
775 541 822 577 est
841 539 951 590 ipsum
966 539 1044 577 fieri
1057 537 1241 575 secundum

341 593 448 628 vnumx
465 593 650 629 modorum
670 593 832 634 illorum,
844 597 880 630 &
901 590 1085 629 secundum
1098 599 1241 625 omnem

340 639 413 678 fieri
427 643 474 679 est
482 642 701 694 impoffibile.
726 645 832 680 Nunc
841 655 955 681 autem
966 632 1132 692 quantum
1143 640 1190 676 est
1201 651 1241 675 ex

340 694 988 785 fic‘t‘sssffi‘iiffffb“¹³‘32‘2‘1‘2'Ec'fm‘i1‘b’
1005 692 1163 781 ἷξζῗῖἷῗ
1173 702 1240 777 f‘i‘

340 804 397 829 tur
409 793 514 832 sinon
527 759 694 848 repu'g‘rlisat
710 760 888 848 corporine
914 759 940 834 ἓ
949 756 1141 833 ἰηᾳάιιοὲυε
1153 755 1240 830 lois

339 856 400 893 per
410 849 572 886 virtutem
585 849 754 891 diuinam,
764 862 828 886 nec
842 859 1009 899 repugnat
1023 846 1085 883 fibi
1094 842 1158 882 effe
1168 843 1240 881 vbi-

338 907 407 943 que
418 909 479 946 per
489 905 682 948 potentiam
695 901 848 938 diuinam
858 925 870 942 ,
883 902 952 937 hoc
962 898 1009 935 est
1022 894 1241 945 falsum,quia

341 944 407 983 effe
419 947 549 998 vbique
562 952 608 987 est
621 955 799 1002 proprium
813 949 919 988 solius
932 953 1012 987 Dei.

390 1002 478 1036 Item
492 1015 661 1052 ,arguunt
671 1002 734 1039 fic:
751 1005 847 1041 Sicut
869 1000 1097 1039 dimensiones
1116 1011 1240 1049 corpo-

338 1050 386 1085 ris
398 1049 532 1095 localis,
542 1054 596 1091 vel
605 1055 724 1096 locati,
733 1052 1049 1091 eoinmensurantur
1058 1049 1241 1088 secundum

336 1113 519 1149 quantum,
533 1111 569 1142 &
577 1109 798 1147 continuum,
809 1102 1078 1143 dimenfionibus
1088 1102 1156 1140 loci
1168 1127 1180 1144 ,
1193 1105 1242 1139 ita

336 1154 654 1195 commensurantur
677 1160 708 1194 ei
723 1170 782 1208 per
797 1156 969 1195 multum.
988 1159 1023 1192 &
1041 1155 1238 1196 minimum

337 1214 422 1253 ergo
433 1204 517 1244 ficut
538 1220 663 1260 corpus
685 1209 838 1249 locatum
849 1206 895 1243 est
905 1219 1008 1243 vnum
1021 1207 1242 1247 continuum,

337 1261 379 1290 ex
404 1254 473 1293 hoc
513 1262 609 1307 quod
647 1257 940 1302 commensuratur
969 1254 1241 1294 dimensionibus

338 1308 440 1344 vnius
460 1307 553 1352 loci,
568 1315 616 1347 ita
634 1315 669 1354 &t
682 1323 754 1346 non
773 1319 901 1350 vnum,
914 1306 970 1346 sed
984 1307 1081 1358 plura
1103 1306 1127 1344 fi
1147 1320 1241 1344 com·

336 1357 550 1396 mensuratur
564 1358 835 1398 dimensionibus
846 1360 996 1411 plurium
1019 1359 1191 1396 locorum.

386 1410 592 1451 Tertio,hoc
602 1411 715 1461 posito
724 1410 854 1450 ducunt
863 1413 904 1449 ad
911 1411 1039 1449 multas
1049 1412 1240 1448 contrarie-

337 1468 423 1495 tates
436 1484 448 1501 2
461 1465 496 1498 δε
505 1464 820 1507 εοιιεῐιάἰόὶὶοηεςς
833 1466 914 1514 quia
923 1461 946 1499 fi
960 1463 1103 1512 aliquod
1115 1473 1239 1513 corpus

334 1506 436 1547 simul
448 1510 527 1550 esset
536 1512 575 1550 in'
586 1514 723 1552 diuersis
738 1515 824 1552 locis
835 1535 850 1557 ,-
865 1513 962 1551 simul
975 1513 1054 1551 effer
1072 1511 1240 1564 frigidum

335 1564 372 1598 δι
397 1561 544 1601 calidum
573 1566 722 1616 respectu
733 1565 884 1603 eiusdem
897 1591 908 1607 ,
917 1569 999 1615 quia
1019 1568 1056 1603 in
1077 1579 1147 1604 vno
1157 1565 1240 1603 loco

336 1611 446 1663 pollet
458 1614 620 1659 calefieri,
630 1618 750 1655 inalio
763 1616 941 1668 frigefieri.

387 1667 490 1708 Item,
502 1670 541 1704 in
553 1681 624 1706 vno
634 1669 715 1706 loco
727 1682 766 1706 ex
778 1670 982 1719 intemperie
1001 1670 1086 1705 ae'ris
1110 1667 1241 1706 ibidem

336 1718 599 1772 circumstantis,
610 1718 717 1771 posset
730 1719 895 1770 infirmari
905 1746 917 1762 ,
930 1725 965 1758 &
976 1722 1014 1757 in
1025 1719 1096 1757 alio
1110 1719 1192 1757 loco
1200 1733 1242 1758 ex

336 1773 503 1817 temperie
513 1773 600 1809 a'e‘ris
610 1771 697 1810 benc
709 1770 860 1822 disponi,
873 1776 910 1810 δε
923 1771 967 1810 sic
975 1771 1074 1810 fimul
1085 1769 1163 1810 esset
1176 1771 1239 1810 be-

336 1818 382 1855 ne
401 1817 583 1870 dispositus
599 1847 611 1865 ,
640 1828 676 1863 &
695 1823 865 1861 infirmus.

387 1874 475 1909 Item
485 1876 549 1923 ,in
562 1887 634 1912 vno
652 1872 760 1925 posset
784 1875 951 1913 vulnerari
964 1880 1001 1914 &
1010 1874 1123 1914 occidi
1133 1899 1144 1916 ,
1156 1878 1192 1913 &
1205 1877 1242 1912 in

335 1921 407 1959 alio
419 1936 512 1968 non3
525 1929 630 1978 igitur
641 1928 870 1969 occideretur,
881 1931 915 1964 &
928 1941 1001 1965 non
1013 1927 1243 1968 occideretun

337 1987 422 2063 3:13¹
424 1979 544 2014 omnia
555 1975 632 2016 sunt
643 1974 783 2017 absurda
794 2003 806 2021 ,
817 1981 898 2027 quia
909 1979 1091 2019 includunt
1102 1991 1242 2016 centra-

427 2040 544 2065 onem.

388 2081 476 2114 Item
485 2104 496 2121 ,
510 2082 547 2117 in
557 2093 629 2117 vno
638 2079 719 2117 loco
731 2077 870 2122 esuriret
881 2106 892 2122 ,
904 2085 938 2119 &
952 2084 988 2118 in
999 2082 1069 2120 alio
1082 2082 1244 2120 saturare-

339 2140 409 2170 tur,
420 2132 501 2179 quia
511 2134 549 2167 in
563 2144 633 2168 vno
646 2129 753 2181 posset
765 2133 946 2170 comedere
960 2158 972 2175 ,
982 2137 1020 2170 in
1030 2135 1101 2172 alio
1112 2145 1195 2173 nou-

391 2179 460 2217 Etfi
485 2181 671 2220 obiiciatur
688 2195 810 2220 contra
841 2182 885 2220 fic
899 2188 1100 2234 opinantem
1117 2213 1128 2228 ‚
1150 2181 1247 2234 qubd

342 2232 434 2268 idem
452 2236 703 2272 inconueuiens
723 2232 917 2284 sequeretur
931 2249 1053 2274 contra
1071 2237 1180 2289 ipsum
1204 2235 1247 2270 de

343 2296 492 2333 corpore
514 2285 705 2323 Christi'in
716 2298 835 2328 cruce,
857 2292 892 2325 &
907 2290 1080 2338 inpyxide
1092 2316 1103 2332 ,
1117 2293 1198 2342 quia
1210 2288 1248 2322 in

345 2347 446 2372 cruce
468 2335 710 2375 vulnerabatur
721 2363 733 2379 ,
746 2342 781 2375 &
801 2338 1012 2376 moriebatur
1031 2365 1042 2381 ,
1066 2345 1102 2380 in
1125 2341 1249 2394 pyxide

343 2399 417 2423 non
429 2389 563 2440 ,igitur
577 2387 676 2427 fimul
695 2388 935 2427 vulnerabatur
956 2396 993 2429 &
1004 2407 1076 2431 non
1087 2396 1249 2437 vulnera-

342 2437 456 2480 batur,
465 2440 731 2482 moriebatur,&
742 2454 815 2477 non
825 2442 1045 2482 moriebatur.

392 2489 635 2541 Respondetur
645 2518 657 2534 ,
673 2491 768 2542 quod
780 2505 852 2529 non
867 2494 914 2530 est
925 2492 1046 2537 simile,
1061 2500 1141 2546 quia
1152 2503 1249 2549 quod

341 2546 508 2581 conuenit
519 2543 620 2580 alicui
633 2542 815 2581 secundum
825 2543 920 2580 illam
931 2550 1099 2583 rationem
1110 2574 1121 2590 ,
1131 2548 1248 2589 secun.

342 2591 425 2628 dum
439 2608 541 2643 quam
556 2608 674 2632 natum
687 2596 731 2631 cst
746 2594 806 2631 fibi
818 2594 904 2632 illud
916 2592 1250 2653 conuenire,fimpli-

341 2646 428 2679 citer
441 2649 606 2683 conuenit
619 2645 700 2690 fibi;
721 2644 803 2682 ficut
814 2645 836 2682 fi
848 2646 948 2684 alicui
963 2649 1150 2700 crispitudo
1162 2667 1247 2691 con—

342 2696 438 2731 uenit
453 2694 639 2732 seeundum
654 2709 752 2745 caput
762 2722 773 2739 ‚
782 2695 966 2737 secundum
981 2703 1077 2750 quod
1089 2716 1189 2742 natus
1201 2707 1248 2744 est

343 2744 453 2782 borno
463 2745 528 2783 effe
539 2745 679 2797 crispus,
692 2747 887 2797 simpliciter
897 2751 1023 2789 dicitur
1031 2751 1096 2791 eise
1107 2755 1246 2806 crispus.

342 2798 456 2834 Modo
467 2811 581 2835 autem
593 2798 765 2835 vulnerati
779 2805 943 2839 conuenit
954 2808 1093 2853 corpori
1106 2806 1248 2847 habenti

342 2849 487 2885 modurn
512 2852 780 2899 quantitatiuurn
795 2875 806 2891 ‚
826 2865 930 2900 quern
961 2857 1102 2893 modum
1126 2857 1247 2899 habuit

344 2900 502 2937 Christus
514 2905 550 2938 in
563 2913 663 2938 cruce
676 2927 688 2942 ,
706 2905 740 2938 δι
751 2905 873 2938 nonin
888 2907 1010 2951 pyxide
1022 2931 1032 2947 ,
1051 2912 1085 2944 δι
1098 2909 1178 2946 ideo
1197 2909 1247 2949 se-

342 2954 462 3001 quitur
474 2952 498 2989 fi
510 2952 710 2990 vulneratur
723 2955 759 2988 in
780 2966 880 2990 cruce
893 2979 904 2995 ,
919 2957 1025 3005 igitur
1048 2957 1247 3010 simpliciter

328 3003 540 3041 -vulneratur
551 3020 562 3048 3
575 3002 629 3040 sed
642 3017 714 3040 non
727 3001 878 3052 sequitur
890 3031 900 3045 ,
909 3018 983 3042 non
1000 3009 1199 3049 vulneram„
1211 3017 1248 3050 j„

341 3055 606 3106 pyxide3igitur
628 3052 701 3091 no'n
726 3055 948 3098 vulneratur,
973 3061 1055 3106 quia
1074 3062 1110 3097 in
1123 3066 1247 3112 pyxide

341 3119 414 3143 non
433 3106 536 3143 haber
559 3106 703 3142 modum
727 3110 998 3155 quantitatiuurn
1019 3135 1030 3152 ,
1051 3115 1111 3160 qui
1134 3127 1191 3162 per
1213 3115 1246 3154 se

340 3157 519 3195 concludit
533 3157 807 3194 vulnerationem
821 3173 831 3202 3
854 3156 908 3195 sed
921 3158 945 3196 fi
963 3159 1045 3198 effet—
1061 3165 1097 3199 in
1108 3164 1244 3204 duobus

340 3208 428 3246 locis
447 3207 543 3246 fimul
561 3207 743 3246 secundum
757 3210 855 3245 istum
878 3212 1020 3248 modum
1042 3219 1245 3261 quantitati-

341 3273 423 3296 unm
437 3285 448 3300 ,
459 3264 495 3296 in
513 3274 582 3296 vno
600 3258 706 3309 poffet
721 3260 890 3297 vulnerari
903 3287 914 3303 ,
925 3265 1010 3299 &in
1023 3264 1093 3301 alio
1104 3279 1176 3303 non
1190 3293 1199 3307 ,
1209 3274 1246 3307 &

343 3314 390 3347 ita
401 3310 633 3347 vulneraretur
646 3336 656 3352 ,
666 3316 700 3348 δι
716 3324 787 3347 non
800 3311 1052 3356 vulneraretur,
1067 3319 1162 3364 quod
1174 3332 1246 3356 non

345 3361 512 3399 conuenit
528 3365 564 3398 in
577 3361 773 3412 propofitt>3
784 3368 817 3400 &
830 3364 910 3399 ideo
922 3378 994 3400 non
1009 3367 1054 3401 est
1065 3367 1182 3405 simile.

394 3413 505 3449 Aliter
518 3418 628 3464 arguit
653 3426 716 3462 pro
738 3415 795 3449 ista
808 3416 1086 3461 opinione-alius
1111 3422 1245 3458 Doaot

347 3462 390 3500 fic
403 3478 411 3500 :
426 3467 566 3501 termini
580 3464 649 3507 loci
662 3469 696 3502 &
708 3463 810 3501 locati
823 3463 897 3502 sunt
912 3465 1006 3503 fimul
1018 3483 1027 3510 3
1041 3471 1145 3518 igitur
1159 3471 1181 3507 fi
1192 3472 1246 3509 lo-

347 3528 462 3552 catum
473 3514 511 3552 fit
522 3528 614 3552 extra
625 3518 793 3552 terminos
806 3516 873 3552 loci
886 3543 895 3557 ‚
910 3520 1004 3564 quod
1014 3524 1246 3572 contingeret,

348 3565 462 3604 stesset
473 3570 510 3604 in
527 3566 660 3604 duobus
671 3566 757 3603 locis
775 3565 1182 3621 fimuhsequereturqubd
1195 3573 1247 3611 lo-

348 3631 461 3655 catum
486 3615 566 3655 elset
589 3630 683 3655 extra
702 3622 868 3655 terminos
890 3624 1071 3670 proprios,
1091 3625 1184 3672 quod
1199 3627 1246 3663 est

347 3668 567 3720 impoffibile.

388 3725 473 3758 Item
489 3745 499 3761 ,
509 3720 660 3770 Angelus
670 3726 778 3770 tnagis
789 3720 992 3759 abstrahitur
1003 3722 1021 3758 a
1032 3721 1126 3764 loco,
1137 3730 1172 3763 &
1181 3729 1247 3763 mi-

346 3772 410 3810 nits
422 3772 587 3811 limitatur
594 3772 780 3817 adlocum,
790 3774 891 3824 quam
902 3786 1025 3826 corpus
1038 3774 1180 3822 Christi,
1191 3777 1247 3816 sed

2080 106 2215 209 ⁶37

1313 231 1406 268 idern
1428 231 1582 282 Angelus
1596 244 1668 269 non
1690 231 1802 282 potest
1815 229 1959 272 fimul&
1979 230 2082 270 semel
2102 233 2166 276 effe
2181 237 2216 271 in

1312 283 1447 319 duobus
1459 283 1548 319 locis
1558 299 1568 327 3
1580 287 1686 334 igitur
1696 296 1760 322 nec
1771 295 1907 332 corpus.

1361 334 1473 370 Aliter
1493 339 1604 385 arguit
1624 336 1709 371 alius
1723 335 1858 371 Ductor
1875 334 1919 371 sic
1941 347 1950 370 ε
1975 335 2069 371 Sicut
2088 349 2140 372 res
2155 349 2214 386 per
2324 342 2359 378 6,

1311 396 1414 420 vnatn
1425 398 1579 422 naturam
1591 386 1694 423 habet
1711 384 1984 434 vnam⁴speciem‚
1993 390 2026 421 &
2040 387 2133 422 estin
2146 401 2212 424 vna
2243 396 2323 424 Ratio
2333 392 2435 432 Agidi

1310 431 1420 483 specie
1430 451 1440 479 ς
1452 435 1495 472 fic
1518 450 1576 486 per
1588 450 1688 474 vnam
1697 437 1944 475 dimensionem
1959 438 2004 473 est
2018 441 2053 472 in
2069 450 2139 474 vno
2155 438 2210 474 lo·
2235 439 2334 476 prima.

1310 498 1373 529 co3
1401 485 1456 524 sed
1470 502 1531 537 per
1553 502 1655 526 vnarn
1670 501 1823 526 naturam
1846 502 1919 526 non
1939 489 1984 524 est
1999 513 2009 529 ,
2020 487 2082 524 nis:
2097 493 2133 526 in
2148 503 2215 526 vna

1310 534 1420 585 specie
1443 552 1452 575 ε
1477 543 1581 590 igitur
1596 554 1659 579 nec
1674 554 1731 590 per
1746 552 1846 578 vnam
1864 538 2112 576 dimenfionetn
2125 565 2136 581 ,
2153 540 2215 576 nisi

1310 590 1347 623 in
1363 602 1432 625 vno
1448 589 1541 629 loco.
1560 594 1602 628 Et
1615 594 1689 629 non'
1699 592 1786 628 valet
1798 591 1869 627 haec
1878 589 2137 640 consequentia,
2152 590 2215 627 nifi

1309 651 1369 688 per
1385 640 1477 678 ‘hanc
1504 642 1775 693 propositionem
1787 667 1798 683 ‚
1825 655 1927 691 quam
1949 636 2030 678 non
2044 645 2216 691 exprimit,

1309 691 1405 738 quod
1419 691 1501 730 ficut
1514 708 1566 731 res
1576 709 1634 745 per
1647 707 1799 732 naturam
1810 688 2034 730 constituitur
2047 697 2082 730 in
2106 691 2218 742 specie

1311 754 1397 784 vna,
1411 747 1459 780 ita
1482 758 1540 803 per
1557 759 1658 782 vnam
1680 745 1927 782 dimensionem
1945 746 2165 782 constituitur
2179 748 2217 781 in

1309 791 1401 830 loco.
1428 797 1485 832 Sic
1498 810 1571 833 non
1583 797 1698 834 differt
1712 798 1783 834 haec
1800 799 1887 832 ratio
1901 796 1942 831 ab
1956 810 2022 832 vna
2035 797 2075 832 ad
2087 799 2217 845 princi-

1311 844 1387 892 pale
1399 845 1489 887 fasta
1500 873 1511 890 ,
1520 851 1578 885 vbi
1594 853 1745 898 arguitur
1759 849 1853 898 quod
1876 858 2023 896 quantum
2032 848 2076 884 est
2089 847 2215 889 forma,

1310 894 1366 931 vel
1380 901 1469 935 ratio
1483 898 1607 937 essendi
1623 900 1755 950 aliquid
1769 905 1804 935 in
1815 899 1908 935 loco.
2343 935 2351 943 ,

1360 950 1447 984 Item
1458 975 1469 992 ‚
1481 950 1627 989 secundo
1654 951 1698 988 fic
1714 953 1769 988 :Si
1787 963 1910 1000 corpus
1924 946 2028 999 polset
2042 947 2105 986 effe
2119 948 2214 986 simul
2243 938 2429 1006 AlRaetnefmb

1311 998 1348 1032 in
1373 1001 1512 1039 diuersis
1535 1003 1622 1039 locis
1632 1029 1643 1045 ‚
1654 1015 1710 1039 aut
1722 1006 1823 1052 igitur
1846 1015 1914 1038 vna
1925 1002 2119 1037 mutatione
2130 1026 2140 1041 ,
2158 1013 2214 1040 aut
2244 986 2385 1049 (ἐξέλω
2395 987 2414 1005 ⁵

1309 1047 1441 1089 duabus
1453 1056 1469 1088 ἒ
1477 1067 1550 1091 non
1562 1068 1629 1091 vna
1640 1081 1651 1097 ,
1666 1057 1748 1104 quia
1761 1065 1827 1089 vna
1836 1056 1984 1089 mutatio
1995 1053 2042 1088 cst
2051 1053 2091 1088 ad
2110 1065 2216 1088 vnum

1311 1106 1518 1142 terminum:
1531 1119 1594 1142 nec
1609 1106 1739 1143 duabus
1751 1129 1762 1146 ‚
1778 1109 1859 1153 quia
1878 1103 1901 1140 fi
1927 1102 2042 1145 fic,aut
2066 1101 2216 1140 eiusdem

1310 1148 1434 1201 speciei
1447 1181 1459 1198 ,
1470 1168 1528 1194 aut
1542 1157 1682 1199 alterius
1706 1155 1848 1206 speciei:
1865 1168 1937 1191 non
1961 1153 2090 1190 duabus
2105 1155 2217 1191 muta-

1310 1205 1466 1243 tionibus
1480 1221 1520 1243 ex
1534 1221 1563 1252 3.
1576 1207 1752 1257 Phyfitext.
1773 1220 1824 1244 ιο.
1837 1208 1876 1245 <9-
1885 1220 1916 1253 5.
1933 1204 2086 1253 Metaph.
2100 1216 2168 1255 cap.
2179 1204 2218 1241 de
2244 1221 2359 1252 Aristot'.

1307 1254 1409 1292 ‘Odem
1419 1283 1430 1300 ‚
1440 1260 1481 1296 ad
1495 1263 1609 1297 minus
1619 1257 1768 1296 eiusdem
1781 1256 1900 1308 speciei
1912 1272 1922 1300 ς
1939 1271 2003 1294 nec
2019 1256 2152 1293 'duabus
2163 1258 2215 1294 al·

1309 1312 1416 1346 terius
1429 1315 1483 1351 ,δι
1496 1311 1636 1348 alterius
1658 1308 1780 1360 speciei
1791 1335 1801 1351 ,
1814 1311 1896 1357 quia
1910 1308 1977 1344 illae
1996 1307 2071 1344 sunt
2092 1308 2133 1344 ad
2145 1321 2214 1344 ter-

1310 1363 1426 1398 minos
1441 1360 1552 1413 specie
1564 1361 1718 1399 diuersos
1730 1363 1858 1411 3igitur
1871 1358 1971 1396 nullo
1983 1359 2103 1396 modo.

1360 1415 1473 1455 Item,
1494 1416 1531 1450 in
1545 1415 1668 1450 eodem
1693 1415 1830 1450 termini
1843 1423 1959 1448 motus
1981 1409 2056 1447 sunt
2080 1413 2216 1446 incom-
2244 1414 2347 1444 Tereia.

1310 1461 1504 1513 poffibiles3
1520 1463 1576 1501 sed
1590 1466 1661 1502 duo
1674 1462 1731 1500 vbi
1741 1462 1815 1500 sunt
1830 1465 1968 1500 termini
1981 1459 2128 1499 eiusdem
2141 1474 2214 1496 mo·

1311 1527 1366 1551 tus
1379 1515 1564 1554 secundum
1582 1516 1699 1554 locum
1711 1531 1721 1559 ς
1734 1517 1840 1565 igitur
1861 1512 1939 1551 sunt
1953 1511 2216 1563 incompoffibi-

1310 1565 1360 1604 les
1371 1570 1408 1605 in
1419 1569 1554 1606 eodem.

1363 1618 1602 1661 Confirmatur
1614 1616 1700 1661 ,nifi
1721 1614 1799 1654 esset
1815 1614 1970 1653 formalis
1991 1612 2216 1664 incompoffi—
2245 1607 2434 1648 Cfflfimffl'·

1311 1667 1425 1708 bilitas
1449 1673 1539 1708 inter
1560 1663 1630 1707 diuo
1642 1667 1722 1710 vbi,
1742 1681 1845 1719 agens
1866 1666 2020 1704 naturale
2041 1667 2218 1702 mouendo

1312 1721 1456 1772 aliquod
1467 1735 1590 1771 corpus
1610 1724 1645 1758 in
1663 1720 1807 1769 aliquod
1817 1717 1874 1754 vbi
1885 1744 1896 1760 ,
1908 1721 1944 1754 in
1958 1731 2029 1765 qno
2065 1718 2133 1754 rius
2143 1730 2221 1753 >non
2235 1752 2237 1755 .

1312 1771 1487 1816 fuit,non
1506 1773 1677 1823 indigeret
1689 1784 1827 1817 mouere
1849 1770 1936 1807 illud
1954 1768 2031 1806 abv
2050 1772 2086 1810 i,
2099 1772 2134 1805 in
2149 1780 2222 1819 quo

1313 1826 1406 1875 prius
1417 1837 1501 1868 erat,
1511 1828 1594 1874 quia
1604 1837 1708 1874 agens
1726 1836 1786 1873 per
1799 1821 1844 1864 se,
1854 1821 1986 1859 tantum
1999 1822 2148 1864 intendit
2160 1823 2217 1856 in-

1314 1876 1439 1915 ducere
1459 1881 1645 1913 terminum
1663 1874 1706 1911 ad
1715 1887 1804 1923 quem
1815 1901 1825 1915 ‚
1841 1878 1874 1911 δε
1886 1886 1959 1909 non
1974 1874 2123 1909 intendit
2138 1885 2216 1922 cor·
2244 1864 2434 1919 „ggemxa'net-

1313 1933 1511 1978 ruptionem
1523 1931 1661 1964 termini
1672 1926 1694 1962 ἆ
1713 1924 1860 1975 quhnifi
1877 1937 1935 1974 Pet
1955 1921 2123 1960 addem-
2146 1928 2219 1960 vn*
2236 1906 2440 1989 sstissssnxn

2203 1974 2211 1986 ἱ

1315 1981 1358 2017 de
1368 1992 1471 2029 agens
1483 1982 1637 2016 naturale
1646 1990 1822 2027 nunquam
1834 1982 2023 2025 corrumpit
2037 1972 2220 2011 neceffario
2245 1992 2390 2020 uminum
2401 1987 2438 2020 ,d

1316 2033 1466 2081 aliquam
1491 2030 1659 2073 formam,
1673 2027 1735 2066 nifi
1756 2025 2069 2075 incompoffibilcm
2089 2025 2222 2068 formae,
2246 2041 2342 2073 quem.

1316 2096 1420 2132 quam
1451 2083 1602 2121 intendit
1633 2082 1794 2119 inducere
1813 2094 1823 2122 ;
1848 2081 1955 2130 igitur
1976 2078 2047 2114 haec
2066 2080 2155 2114 ratio
2177 2078 2224 2114 est

1317 2133 1404 2172 benc
1414 2134 1567 2171 euidens.

1479 2233 1942 2278 SCHOLIVM
1994 2232 2053 2273 11.

1371 2342 1503 2393 ‘Ra-fiam
1514 2352 1654 2391 negantes
1662 2341 1739 2391 poffl
1747 2342 1798 2389 ff
1817 2351 1915 2376 vnum
1935 2349 2040 2388 corpus
2059 2339 2092 2372 in
2100 2336 2224 2384 diuersis

1320 2394 1390 2429 locis
1400 2390 1615 2442 quaneieariuk.
1642 2388 1759 2432 Prima,
1778 2393 1852 2439 quia
1860 2391 1952 2438 plura
1969 2399 2091 2438 corpora
2107 2389 2224 2439 poffime'

1314 2447 1391 2495 pom*
1400 2448 1434 2480 in
1444 2445 1544 2479 eodem
1555 2444 1615 2478 loco
1624 2469 1636 2485 ‚
1651 2441 1739 2491 idque
1752 2443 1875 2490 sallum
1893 2442 1944 2489 effi
1956 2441 2022 2486 fide
2033 2442 2152 2475 conflat
2161 2466 2172 2481 ‚
2183 2442 2223 2479 &-

1320 2499 1415 2546 reqct'r
1423 2495 1498 2543 fias&
1509 2495 1719 2545 responsionem
1727 2494 1771 2529 ad
1787 2493 1849 2528 hoc.
1872 2490 2126 2541 Secund6,potcst⁴
2137 2494 2223 2527 Deus

1318 2559 1488 2583 conuertere
1499 2550 1704 2595 quantitatem
1716 2548 1749 2580 in
1758 2548 1974 2593 quantitatem,
1988 2545 2026 2581 ά
2038 2554 2110 2577 tunc
2119 2542 2223 2577 eadem

1318 2601 1385 2647 effi'r
1406 2598 1565 2648 utrobique
1583 2593 1742 2644 dibucnfiui
1752 2623 1763 2638 ‚
1778 2598 1816 2635 ὠ·
1837 2597 1917 2644 νεῂσὶ
1924 2607 1936 2629 r
1959 2594 2169 2644 resssonstonem
2181 2593 2225 2628 ad

1317 2651 1382 2689 hoc.
1408 2647 1657 2697 Tertib,faciliiu
1667 2649 1707 2696 (β
1714 2660 1823 2698 ponere
1838 2647 1943 2697 cor'pm
1955 2648 1988 2681 in
1995 2645 2134 2694 pluribus
2150 2646 2221 2679 locis

1317 2716 1388 2738 cum
1397 2702 1539 2749 modosuo
1548 2702 1695 2743 naturali,
1708 2697 1801 2748 quaint
1813 2699 1898 2734 modo
1910 2698 2138 2744 sacramentali.
2157 2699 2191 2733 V
2186 2698 2218 2730 i-

1318 2754 1356 2789 de
1366 2755 1527 2790 Donarem
1533 2756 1567 2788 in
1576 2754 1680 2790 0x0n;
1691 2747 1840 2799 hicfuffus
1851 2748 1872 2784 :a
1881 2761 1963 2786 num,
1965 2761 1984 2794 5
1991 2777 2000 2786 .

1379 2857 1429 2894 Ed
1441 2868 1563 2893 contra
1585 2856 1673 2892 hanc
1691 2855 1894 2904 opinionem
1918 2863 2025 2900 arguo
2038 2848 2080 2886 fic
2097 2848 2223 2899 ptimo,
2325 2869 2364 2907 7·

1321 2863 1413 2947 S&
1427 2921 1486 2958 per
1500 2910 1650 2943 rationes
1664 2932 1674 2947 ‚
1685 2918 1768 2954 quas
1791 2907 1914 2941 nititur
1934 2900 2076 2950 praesens
2090 2902 2224 2937 1)οᾶοῐ
2247 2912 2363 2951 Res-am
2377 2913 2438 2942 εἰ,

1318 2956 1461 3000 soluere,
1474 2972 1558 3007 quas
1571 2957 1642 3007 ipse
1659 2959 1772 3007 ponit.
1793 2957 1887 2991 Deus
1899 2953 2008 3002 potest
2030 2950 2141 2989 facere
2154 2953 2225 2989 duo
2247 2953 2398 2993 danmsem.

1320 3013 1512 3060 corporain
1527 3011 1650 3046 eodem
1665 3009 1745 3044 loco
1759 3009 1882 3055 flgitur
1896 3008 1931 3042 δε
1943 3004 2034 3040 idem
2048 3016 2172 3054 corpus
2187 3007 2224 3041 in

1320 3060 1455 3099 duobus
1469 3061 1566 3098 locis.
1589 3059 1803 3097 Antecedens
1816 3056 1863 3092 est
1881 3054 2099 3092 manifestum
2121 3081 2130 3097 ,
2144 3058 2226 3104 quia

1318 3113 1388 3149 duo
1401 3125 1548 3162 corpora
1571 3108 1773 3148 naturaliter
1785 3106 1877 3144 forte
1889 3120 1947 3156 per
1961 3107 2078 3143 dotem
2092 3105 2225 3156 subtili·

1321 3167 1400 3200 tatis
1414 3162 1535 3201 suntin
1546 3163 1667 3199 eodem
1684 3159 1777 3200 loco,
1788 3163 1823 3196 &
1840 3171 1914 3194 non
1926 3158 2131 3194 miraculose
2143 3182 2154 3198 ,
2168 3157 2224 3194 vel

1318 3214 1450 3256 saltem,
1464 3215 1533 3251 hoc
1546 3214 1589 3248 est
1602 3209 1770 3262 possibile,
1784 3209 1851 3247 fiue
1865 3222 1922 3259 per
1932 3208 2226 3249 miraculum,fiue

1318 3280 1390 3303 non
1405 3270 1506 3315 ,quia
1526 3262 1653 3300 factum
1676 3262 1733 3300 est.
1760 3263 1857 3298 Patet
1872 3285 1885 3301 ,
1905 3261 2045 3310 qnando
2064 3260 2222 3297 Christus
2250 3252 2296 3278 De
2315 3246 2370 3286 fidu
2391 3249 2441 3313 ¹¹³:

1317 3320 1459 3354 intrauit
1470 3315 1512 3351 ad
1525 3313 1711 3363 discipulos
1730 3316 1842 3350 ianuis
1866 3310 1983 3348 clausis
1998 3338 2007 3352 ,
2020 3317 2055 3349 δι
2067 3311 2222 3348 similiter
2245 3291 2439 3368 ἴξεζηζὲᾬ

1318 3368 1457 3417 quando
1481 3365 1625 3416 egressus
1637 3366 1683 3402 est
1700 3366 1855 3414 Virginis
1869 3375 2003 3399 vterum
2017 3376 2111 3412 parte
2124 3364 2216 3399 clau·
2239 3373 2270 3411 s.
2293 3372 2441 3414 poffimm,

1317 3418 1361 3460 sa,
1375 3423 1409 3455 &
1429 3416 1606 3455 resurrexit
1619 3418 1661 3454 de
1684 3414 1864 3466 sepulchro
1876 3412 1948 3464 ipso
1967 3413 2093 3451 clauso.
2122 3415 2221 3450 Con-

1317 3469 1491 3518 sequentia
1501 3480 1592 3518 patet
1605 3493 1616 3509 ,
1629 3470 1710 3516 quia
1721 3466 1817 3515 aeque
1829 3464 2036 3515 impossibile
2047 3467 2093 3502 est
2105 3464 2222 3502 secun-

1316 3521 1396 3558 dum
1419 3520 1607 3557 naturalem
1629 3522 1796 3555 rationem
1819 3531 1828 3554 :
1847 3516 2094 3566 &Philosophi
2107 3516 2221 3553 minus

1317 3572 1386 3609 hoc
1396 3572 1624 3608 concederent
1635 3596 1644 3611 ,
1671 3568 1799 3606 scilicet
1813 3570 1895 3606 duas
1914 3568 2143 3605 dimensiones
2157 3567 2221 3604 eise

1318 3622 1414 3659 simul
1427 3627 1462 3659 in
1485 3623 1607 3659 eodem
1617 3647 1628 3663 ,
1650 3621 1754 3671 quam
1777 3633 1879 3661 vnam
1901 3619 1966 3656 effe
1990 3619 2086 3656 simul
2108 3622 2144 3655 in
2166 3621 2220 3656 di-

1317 3672 1432 3711 uersis.

1368 3725 1433 3761 Sed
1444 3724 1486 3760 ad
1497 3724 1586 3761 hanc
1599 3727 1767 3760 rationem
1785 3720 1964 3772 respondet
1977 3721 2072 3767 quod
2087 3735 2159 3758 non
2171 3723 2217 3758 est
2246 3720 2361 3749 Henn'ei
2385 3724 2442 3750 RO-

1317 3774 1426 3814 simile
1439 3800 1450 3818 ,
1462 3778 1542 3826 quia
1554 3777 1596 3813 ad
1614 3776 1667 3823 ff
1679 3773 1829 3813 eiusdem
1840 3776 1995 3824 corporis
2014 3777 2050 3811 in
2066 3772 2219 3862 diuersisl,
2240 3760 2344 3801 sp⁰”ss⁰·

2160 3838 2200 3862 ve
