2736 4042
980 146 1346 253 Quaestio
1390 141 1558 229 111.

117 279 281 331 Abbi-‘uma
339 279 460 320 dicunt
478 280 513 320 se
531 282 719 333 producere
733 293 856 332 aquam
866 293 982 319 veram
1003 293 1042 317 ex
1062 278 1154 316 filice
1170 292 1228 320 ,vt

117 324 242 362 deupm.
341 333 551 370 elementum
571 360 582 376 ,
600 340 682 382 quia
702 346 895 383 nonnagunt
914 345 972 379 per
988 332 1101 367 media
1113 331 1228 371 ,deter-

339 395 470 421 minata
477 399 518 421 ex
529 398 647 422 natura
659 410 671 425 ,
680 384 805 434 quibus
824 384 956 420 tantum
966 408 976 422 ,
988 390 1023 419 ὅ(
1046 395 1118 417 non
1130 381 1230 418 aliter

339 446 418 470 nata
427 437 473 472 est
483 450 571 485 aqua
580 446 776 472 naturaiiter
785 438 938 484 generari
951 447 990 469 ex
1003 437 1113 468 mixto
1125 456 1135 473 ‚
1146 437 1228 481 quia

337 485 450 522 statim
458 500 517 537 per
531 492 647 536 iguem
659 487 835 523 resoluunt
848 490 992 521 mixtum
1005 487 1040 519 in
1054 484 1228 531 illumim-

338 547 472 573 morem
486 551 651 586 ,quinon
676 539 722 573 est
742 551 830 586 aqua
850 539 886 571 in
909 535 1019 584 specie
1037 547 1133 584 aquae
1148 557 1160 574 ,
1172 533 1228 570 sed

337 588 466 636 aliquis
486 589 574 624 altus
598 590 738 637 liquor,
751 587 913 624 differens
933 586 1041 635 specie
1063 586 1105 622 ab
1128 598 1227 633 aqua.

335 639 414 675 Nee
426 641 530 675 etiam
545 652 685 674 vtuntur
696 641 918 676 conuenienti
928 639 1054 677 aetiuo,
1063 640 1145 686 quia
1154 648 1228 671 non

334 700 479 726 vtuntur
492 702 528 725 vt
539 696 575 725 in
585 689 738 738 pluiibus
751 715 762 731 ‚
773 689 832 726 nisi
846 693 927 739 igne
944 690 986 724 ad
1002 693 1140 727 omnia,
1152 700 1227 735 quae

334 751 445 789 agunt
467 738 652 777 secundum
672 742 767 777 illam
788 743 986 788 artem,qui
1001 752 1073 775 non
1091 743 1228 774 videtur

333 795 548 828 conueniens
560 793 690 827 actioni
713 790 863 841 respestu
875 793 1227 840 generationis,aquae

333 842 500 878 naturalis
513 857 524 885 ς
535 855 616 891 quia
638 855 745 879 vnum
768 842 977 878 elementum
995 854 1067 877 non
1091 842 1227 876 videtur

333 890 427 941 posse
441 894 629 942 producere
640 894 734 929 aliud
749 906 807 942 per
821 905 988 929 naturam.
1001 894 1130 928 etenim
1143 890 1225 926 ficut

335 941 414 979 sum
430 948 647 994 impermixta
655 948 692 980 in
702 944 776 992 effe,
787 948 837 980 ita
856 949 892 980 in
910 944 1045 993 agendo
1060 941 1227 984 ,maxime

336 996 461 1031 ordine
473 994 618 1032 naturali
637 993 868 1044 praetermisso.
892 998 993 1031 solus
1013 1007 1097 1043 ergo
1107 994 1227 1030 aneto:

337 1057 466 1082 naturae
487 1048 583 1083 Deus
595 1071 608 1086 .
619 1049 678 1095 qui
693 1060 766 1082 non
778 1047 905 1096 ligatur
913 1048 952 1081 ad
965 1044 1152 1095 process'um
1168 1069 1179 1085 ,
1190 1049 1227 1081 &

111 1116 173 1144 dim·
193 1135 202 1147 ⁰
226 1123 306 1153 qm„
335 1098 379 1132 ad
390 1098 549 1134 ordinem
558 1101 632 1134 eius
642 1121 653 1138 ‚
666 1096 720 1133 sed
731 1099 777 1134 est
789 1098 884 1143 [uper
896 1095 1002 1146 ipsam
1014 1121 1027 1137 ,
1051 1099 1131 1146 quia
1144 1094 1226 1132 fecit

103 1156 202 1195 semar
219 1163 303 1187 natu-
334 1145 643 1196 ipsamvoluntarie
655 1174 666 1189 ,
678 1151 787 1198 potest
797 1150 895 1184 illum
905 1149 1064 1183 ordinem
1076 1160 1150 1183 non
1159 1147 1225 1182 ob-

111 1208 153 1228 u.
333 1201 466 1236 lemare
478 1224 488 1241 ,
501 1205 536 1237 δι
550 1201 630 1237 ideo
641 1203 709 1249 ipie
720 1201 828 1248 potest
844 1198 954 1235 solum
975 1198 1173 1235 immediate
1187 1210 1227 1235 ex

332 1254 444 1287 mixto
454 1250 567 1288 facere
577 1264 699 1299 aquam
711 1251 898 1287 naturalem
910 1265 920 1293 ς
932 1248 1014 1286 licut
1023 1249 1108 1286 fecit
1121 1247 1227 1299 ipsam

331 1306 368 1339 &
379 1306 498 1339 omnia
507 1303 572 1338 alia
584 1303 753 1338 elementa
764 1314 804 1337 ex
816 1301 940 1338 nihilo.
953 1304 995 1338 Et
1010 1301 1088 1338 ideo
1098 1301 1226 1338 humor

330 1355 519 1403 produChu
532 1366 589 1403 per
603 1367 636 1389 at
642 1365 710 1388 tem
721 1353 992 1393 Alrhimiae,non
1003 1354 1049 1388 est
1058 1364 1146 1401 aqua
1157 1365 1222 1402 pu-

330 1405 438 1446 rn‚sed
446 1406 533 1441 alius
543 1405 771 1453 liquor.Qia
782 1404 861 1440 licet
873 1403 994 1440 habeat
1005 1404 1135 1453 aliquas
1145 1416 1226 1453 qua·

330 1456 445 1492 litates
459 1454 592 1492 ssmiles·
605 1455 830 1504 qualitatibus
841 1468 934 1504 aqua:
954 1457 1117 1492 naturalis
1126 1479 1137 1495 ,
1148 1455 1226 1504 plu·

328 1519 382 1543 res
395 1518 510 1544 tamen
531 1506 634 1543 habet
648 1505 823 1543 diffimiles
834 1531 846 1547 ,
857 1507 960 1555 quam
981 1505 1106 1543 similes
1119 1520 1129 1547 ς
1144 1519 1225 1542 nam

329 1559 486 1607 quedam
506 1556 585 1593 sunt
607 1554 763 1592 effectiue
782 1552 898 1592 calida:
913 1579 924 1596 ‚
945 1558 1100 1603 quaedam
1122 1556 1226 1599 ficcae,

328 1621 405 1657 quc
418 1606 494 1647 sunt
509 1606 692 1655 qualitates
713 1609 858 1655 propri:
877 1605 956 1642 talis
973 1607 1122 1653 liquoris
1139 1619 1224 1642 con-

326 1658 511 1708 sequentes
522 1668 676 1693 naturam
688 1655 811 1706 speciei
824 1657 918 1692 illius
931 1681 942 1697 ,
953 1669 1028 1706 quae
1039 1656 1139 1696 nullo
1149 1670 1225 1693 mo-

328 1711 376 1746 do
389 1712 606 1747 conueniunt
629 1720 707 1744 cum
721 1721 811 1757 aqua
821 1708 990 1751 naturali,
1003 1706 1086 1744 ficut
1104 1709 1226 1746 dicunt

326 1763 475 1803 medici,
489 1766 524 1798 &
536 1759 622 1797 bene
634 1760 748 1808 ,quod
770 1758 850 1795 lieet
869 1758 993 1808 aliquae
1010 1758 1124 1795 herbae
1135 1772 1225 1797 con-

325 1815 474 1850 ueniunt
495 1815 532 1849 in
554 1810 674 1847 multis
695 1808 921 1860 qualitatibus
931 1835 943 1850 .
956 1823 1023 1847 vna
1043 1823 1159 1848 tamen
1172 1809 1224 1848 sa-

323 1863 387 1901 'nat
397 1865 417 1900 ὲ
427 1865 488 1900 tali
509 1861 730 1903 infirmitate,
743 1866 779 1899 δι
803 1874 875 1897 non
890 1862 976 1904 alia,
989 1875 1048 1912 per
1073 1862 1223 1912 qualita-

326 1927 399 1952 tem
414 1914 473 1951 sibi
485 1916 680 1964 propriam,
694 1926 769 1963 qua:
787 1913 834 1950 est
854 1913 874 1948 xa
887 1923 960 1949 tora
974 1915 1083 1962 ipecie
1095 1939 1105 1954 ,
1121 1914 1156 1949 id
1166 1915 1226 1956 est,

326 1980 404 2054 qqae
418 1965 618 2004 naturaliter
638 1967 862 2014 coniequitur
882 1969 1058 2015 propriam
1079 1961 1226 2015 speciem

333 2020 360 2056 il
376 2022 443 2055 ius.

199 2076 240 2114 4-
255 2099 262 2100 ff
378 2070 434 2107 Ad
445 2068 514 2106 hoe
525 2079 638 2105 autem
648 2066 744 2117 quod
751 2066 867 2117 aliqua
877 2065 982 2104 essent
992 2065 1143 2105 eiusdem
1156 2066 1227 2119 spe-

110 2121 263 2170 Diu-ersten
328 2122 413 2163 cies,
427 2132 568 2171 oportet
579 2133 619 2156 ea
636 2123 825 2156 conuenire
837 2123 874 2156 in
891 2119 1054 2156 omnibus
1076 2122 1226 2168 qualita-

102 2162 306 2233 sp‘“fi“l.‘⁷'¹2
330 2172 424 2210 tibus
437 2173 531 2209 illius
552 2169 675 2220 speciei
686 2186 697 2214 i
708 2176 744 2208 δι
756 2176 804 2207 ita
819 2182 912 2220 patet
925 2172 1021 2219 quod
1041 2184 1131 2221 aqua
1140 2175 1226 2207 arti-

108 2214 302 2284 ΖΣὶ-Ϊῖβῖιᾶ.
331 2222 467 2266 ficialis,
479 2235 517 2260 vt
529 2235 618 2272 aqua
630 2220 766 2259 rosacea
775 2247 784 2263 ,
795 2223 849 2259 vel
861 2222 977 2271 aliqua
993 2222 1059 2259 alia
1070 2235 1158 2272 aqua
1169 2224 1224 2259 di-

108 2288 153 2318 tis.
329 2276 453 2312 stillata
464 2300 476 2317 ,
485 2287 558 2312 non
567 2277 612 2310 est
622 2274 715 2310 eiusd
722 2288 776 2311 em
799 2272 920 2324 speciei
934 2287 1012 2309 cum
1027 2287 1117 2323 aqua
1125 2287 1227 2310 uatu-

329 2328 415 2368 tali,
427 2332 509 2376 quia
519 2338 607 2375 aqua
620 2328 785 2362 naturalis
808 2327 856 2362 est
866 2324 927 2360 illa
945 2349 956 2366 ,
968 2338 1050 2374 quae-
1060 2327 1224 2375 produci·

330 2391 387 2415 tur
400 2379 444 2414 ab
453 2391 577 2429 agente
589 2377 735 2414 naturali
751 2403 759 2415 .
773 2382 809 2414 δε
823 2389 881 2426 per
892 2378 1005 2412 media
1022 2377 1228 2413 determina-

330 2441 366 2466 ta
378 2456 390 2471 ,
404 2436 439 2468 &
450 2431 545 2480 quod
564 2427 699 2465 nullum
722 2441 828 2478 agens
849 2427 1002 2464 naturale
1015 2425 1118 2477 poiset
1132 2429 1227 2464 illam

329 2482 430 2519 aliter
443 2494 484 2518 ex
495 2485 606 2516 mixto
620 2480 810 2529 producere
827 2491 1039 2528 quocunque
1050 2481 1228 2516 adiutorio

330 2545 459 2570 natura
473 2558 482 2573 ,
495 2545 561 2568 nec
581 2533 757 2568 adiutorio
772 2533 988 2571 daemonum,
1002 2532 1055 2567 vel
1080 2532 1228 2566 aliorum

331 2585 559 2635 Angelorum.
574 2584 685 2632 Qod
694 2586 787 2618 enim
799 2585 891 2631 magi
907 2582 1093 2618 Pharaonis
1103 2584 1228 2631 produ-

332 2648 455 2673 xeiunt
470 2648 510 2672 ex
529 2648 618 2684 aqua
639 2633 698 2670 illa
718 2647 815 2669 ranas
829 2632 922 2682 quasi
938 2631 1050 2669 subito
1065 2657 1075 2673 ,
1085 2639 1119 2670 &
1132 2635 1227 2682 quod

333 2687 443 2724 multa
455 2685 627 2723 mirabilia
642 2685 749 2720 modo
773 2685 859 2721 fiunt
876 2697 994 2733 praerer
1006 2697 1228 2721 communem

332 2737 481 2780 cursum,
493 2742 529 2776 &
539 2737 696 2774 ordinem
705 2736 907 2773 consuetum
920 2761 931 2776 ‚
943 2736 1011 2772 hoc
1023 2750 1096 2772 non
1111 2735 1147 2772 fit
1160 2739 1228 2771 mi-

108 2781 246 2811 ”'¹''⁴‘'¹¹⁴
264 2779 307 2819 'f'
334 2791 491 2828 raeulose
504 2815 516 2831 ,
540 2802 605 2825 nec
624 2800 743 2839 ptaeter
765 2786 955 2836 proceisum
978 2800 1127 2830 narurae3
1147 2790 1230 2836 quia

98 2821 265 2904 fijfsztm'
334 2855 457 2879 omnes
484 2844 670 2878 Daernones
698 2837 829 2876 Inferni
851 2851 926 2874 non
950 2837 1103 2875 facerent
1123 2852 1229 2875 vnum

106 2872 124 2904 t
209 2885 218 2895 ⁶
331 2891 609 2931 miraculum2sed
625 2890 693 2927 hoc
705 2890 743 2927 fit
759 2890 942 2928 iecundum
962 2891 1229 2927 determinatum

332 2947 491 2982 ordinem
516 2957 644 2981 naturae
667 2943 845 2992 iungendo
864 2945 1110 2978 conuenientia
1119 2944 1230 2978 astina

331 2995 470 3047 paffiuis
480 2995 583 3033 citius
602 2994 706 3045 quam
728 2996 842 3044 aliqua
855 3005 1007 3030 creatura
1019 2993 1164 3030 inferior
1178 2992 1228 3029 fa-

331 3061 433 3085 ceret.
461 3046 525 3098 lpfi
546 3049 640 3084 enim
652 3046 752 3082 ditati
773 3043 984 3082 naturalibus
1005 3042 1072 3081 suis
1094 3046 1137 3081 eo
1157 3057 1230 3093 per·

332 3112 501 3136 uenerunt
515 3112 551 3135 vt
566 3095 799 3147 intelligerent
815 3109 874 3146 per
886 3109 961 3146 quae
973 3096 1084 3132 astina
1093 3093 1231 3145 possunt

332 3152 418 3188 tales
427 3149 569 3187 effedlms
581 3151 738 3199 produci,
753 3155 788 3187 &
801 3149 879 3185 ideo
889 3147 1067 3196 iungendo
1078 3149 1136 3184 ilia
1149 3148 1232 3188 illis,

331 3200 473 3239 effeCRus
485 3206 602 3238 euenit
625 3201 789 3237 naturalis
804 3216 814 3242 5
829 3206 863 3236 &
876 3202 924 3235 ita
942 3201 1128 3236 Daemones
1148 3203 1227 3235 iun-

332 3255 450 3303 gendo
473 3255 572 3303 aquis
591 3252 766 3301 aliquibus
790 3254 927 3301 propria
947 3253 1058 3287 afflua
1079 3250 1231 3298 respedku

334 3317 494 3341 ranarum
518 3304 706 3341 fiendatum
721 3304 852 3343 ‚statim
875 3301 1048 3339 faciebant
1061 3303 1120 3339 illa
1132 3315 1230 3337 ranas

332 3367 373 3392 ex
384 3360 483 3404 aquis
493 3356 691 3392 naturaliter
703 3380 714 3396 ‚
725 3360 760 3392 &
772 3367 844 3390 non
860 3356 987 3390 virtute
999 3358 1135 3403 propria
1147 3378 1158 3393 ‚
1169 3352 1230 3389 nifi

335 3409 404 3444 isto
420 3408 541 3443 modo.

183 3469 218 3507 5.
386 3461 480 3495 Dico
491 3471 576 3507 ergo
589 3456 687 3506 quod
697 3469 783 3506 aqua
796 3469 877 3507 pura
890 3456 936 3492 est
950 3454 1083 3492 tantum
1099 3467 1230 3492 conue-

113 3518 201 3554 Aqua
221 3520 289 3562 nfra
336 3513 438 3546 niens
448 3512 587 3552 materia
600 3506 763 3558 Baptismi
775 3533 785 3548 ,
798 3522 873 3557 quae
885 3521 958 3543 non
970 3507 1074 3543 habet
1086 3511 1231 3544 mixtio-

110 3556 148 3593 ‘st
175 3563 284 3603 “Vm''
338 3575 418 3598 nem
436 3574 515 3597 cum
530 3559 611 3595 alio.

110 3606 230 3672 '32:¹2⁸‘
252 3599 308 3623 B·-
390 3613 457 3649 Sed
477 3613 683 3647 mixtionem
703 3609 776 3646 fieri
791 3636 801 3651 ,
812 3611 921 3659 potest
945 3609 1095 3659 intelligi
1121 3610 1234 3660 dupli-

106 3646 217 3709 phinni
237 3686 310 3717 ,qu
339 3667 434 3700 citer.
458 3667 541 3700 Vno
551 3663 659 3698 modo
671 3662 786 3710 ‚quod
809 3675 848 3697 ex
864 3660 1091 3697 mixtionibus
1102 3660 1160 3698 fiat
1172 3662 1236 3697 ali-

111 3731 176 3749 cam
187 3721 242 3750 ulio
254 3719 304 3748 dn·
338 3716 438 3764 quod
450 3717 589 3751 tertium
602 3726 660 3762 per
672 3710 704 3749 se
717 3726 821 3748 vnum
832 3738 842 3753 ‚
857 3712 922 3748 fine
935 3711 974 3748 fit
988 3712 1136 3761 perchte
1148 3716 1236 3748 mix-

108 3763 184 3802 ?lex.
339 3779 430 3807 tum,
439 3771 474 3803 &
490 3768 526 3801 in
539 3767 692 3800 termino
701 3767 896 3804 mixtionis,
911 3777 946 3800 vt
958 3762 1034 3801 sunt
1048 3763 1238 3813 compotita

340 3830 487 3868 corpora
506 3829 546 3854 ex
565 3828 713 3865 quatuor
737 3815 917 3852 elementis
932 3831 942 3860 ς
957 3814 1014 3854 vel
1038 3815 1238 3867 imperfeste

532 3869 616 3904 Scm‘
627 3877 707 3918 oper.
717 3866 805 3904 Tam.
815 3867 887 3905 XI.

112 1035 188 1062 Dens
216 1039 268 1060 ian

111 1075 247 1111 nurki-eur
262 1082 304 1100 or—

112 2575 194 2613 Mugi
216 2572 289 2603 Phn-

109 2626 197 2646 raonu
223 2624 305 2643 unns

110 2661 177 2686 vere
205 2657 302 2696 produ·

109 2707 220 2729 xlrafl'·

141 2744 276 2769 Damus

2076 153 2207 257 583

1299 283 1445 316 mixtum
1461 305 1472 321 ‚
1482 286 1518 318 &
1530 284 1566 317 in
1578 282 1632 316 via
1645 278 1687 314 ad
1702 278 1887 328 perfectam
1897 277 2103 314 mixtionem
2117 289 2192 317 ‚cu-

1297 330 1444 367 iusmodi
1459 331 1533 368 sunt
1544 329 1779 381 impreffiones
1793 331 2024 381 grandinis‚&
2036 333 2125 364 niuis
2136 342 2144 363 :
2155 334 2191 364 ὄε
2222 328 2411 367 Νἰκ,ιὶιείιι.

1298 383 1468 429 aqua‚liue
1480 382 1605 422 stedine
1616 382 1659 420 fic
1679 385 1786 419 mixta
1797 395 1875 419 eum
1887 383 2050 421 ammon
2060 381 2106 415 est
2117 392 2174 414 ma
2220 372 2328 420 ''⁶¹⁰4‘'
2360 381 2412 400 Μ’

1299 444 1383 469 teria
1410 437 1571 483 Baptnmi
1592 460 1604 475 ,
1625 436 1707 470 dum
1737 435 1783 470 est
1817 437 1855 470 in
1890 432 1951 469 tali
1980 429 2188 479 componito,
2213 411 2416 494 Ῐὲξῖῗζὶἑί

1299 490 1379 531 quia
1400 497 1511 533 partes
1543 485 1763 521 miscibilium
1792 498 1865 520 non
1897 482 1973 519 sunt
2004 485 2040 517 in
2065 485 2191 523 mixto,

1297 533 1360 569 mfi
1380 538 1416 570 in
1434 541 1591 586 potentia
1614 552 1623 579 ;
1644 538 1734 573 vnde
1754 549 1812 585 per
1827 539 1944 571 niuem
1966 533 2047 569 dum
2073 533 2120 568 est
2145 531 2190 569 fic

1295 584 1442 622 mixtum
1454 613 1464 628 ,
1475 601 1537 623 nec
1547 601 1605 636 per
1616 590 1816 637 grandinem
1829 612 1838 626 ‚
1850 597 2031 633 antequam
2045 583 2192 619 resolua-

1297 647 1353 671 tur
1375 640 1411 672 in
1435 641 1642 675 elementum
1668 651 1762 687 aquae
1779 651 1871 678 ‚non
1894 636 2005 686 potest
2027 634 2100 671 fieri
2119 636 2186 670 Ba-

1297 686 1453 735 ptismus.
1891 716 1894 718 v

1349 740 1431 775 Aiie
1445 740 1553 776 modo
1572 741 1680 790 potest
1692 739 1841 788 intelligi
1865 738 1989 774 mixtio
2010 749 2083 772 non
2108 748 2190 784 pro·
2276 755 2302 791 6

1298 790 1369 837 prie
1389 813 1400 829 s
1425 789 1480 827 sed
1501 804 1559 840 per
1573 790 1824 840 appofitionem
1838 816 1847 830 ,
1870 790 1922 825 vel
1944 785 2185 836 iuxtapofitio-
2306 780 2316 791 ⁹

1296 852 1376 875 nem
1399 846 1547 890 partium
1562 868 1572 883 ‚
1585 856 1660 892 quae
1683 856 1754 878 non
1766 853 1903 892 apparet
1923 841 2058 876 tautum
2081 842 2190 874 iuxta-

1297 891 1424 938 pofitio
1449 897 1595 943 partium
1619 919 1630 934 ,
1654 894 1709 930 sed
1729 897 1833 930 etiam
1864 896 1988 927 mixtio
2017 891 2187 939 quaedam,

1295 940 1378 979 ficut
1400 945 1446 980 est
1468 959 1502 981 in
1520 943 1784 994 iuxtapositione
1795 955 1939 993 partium
1961 942 2188 990 liquidorum.

1297 1004 1334 1027 vt
1356 1002 1499 1043 aquae&
1521 1000 1596 1032 vini
1611 997 1686 1037 ,vel
1712 1009 1806 1043 aquae
1820 1000 1855 1032 &
1876 993 2035 1035 olei5vel
2061 992 2189 1028 iolido·

1295 1056 1371 1080 rum
1392 1060 1469 1082 cum
1487 1047 1630 1096 liquidis
1643 1072 1653 1087 ‚
1666 1060 1701 1083 vt
1725 1046 1801 1083 salis
1815 1058 1892 1082 cum
1914 1057 2001 1093 aqua
2013 1068 2024 1084 ‚
2039 1043 2092 1079 vel
2114 1045 2188 1091 gla-

1294 1098 1360 1132 ciei
1380 1110 1458 1134 cum
1469 1111 1555 1148 aqua
1566 1124 1577 1140 ,
1592 1112 1628 1134 in
1641 1111 1782 1148 quarum
1797 1109 1939 1145 vtraque
1950 1095 2190 1144 iuxtapoiirio-

1296 1159 1341 1182 ne
1367 1153 1514 1197 partium
1536 1148 1666 1199 semper
1694 1162 1809 1185 maner
1833 1161 1921 1195 aqua
1947 1147 2124 1183 actualiter
2151 1147 2188 1180 in

1294 1203 1434 1248 propria
1444 1199 1564 1250 specie.
1591 1204 1631 1237 Et
1645 1202 1687 1237 de
1696 1201 1755 1236 ista
1767 1196 2033 1248 iuxtapofitione
2043 1200 2188 1246 partium

1294 1250 1408 1286 adhuc
1430 1253 1605 1303 distinguo
1618 1277 1628 1292 ,
1639 1255 1721 1301 quia
1742 1252 1796 1287 vel
1808 1252 1866 1286 ista
1882 1247 2102 1298 iuxtapofitio
2113 1260 2188 1297 par-

1295 1304 1383 1338 tium
1408 1303 1568 1351 prohibet
1583 1308 1653 1339 vim
1677 1302 1837 1338 abluendi
1853 1327 1861 1340 .
1875 1300 1959 1336 ficut
1973 1301 2018 1336 cst
2042 1303 2079 1335 in
2099 1313 2190 1347 aqua

1295 1354 1344 1388 ita
1368 1353 1499 1403 spiffaia
1511 1369 1588 1392 cum
1601 1354 1690 1403 pasta
1702 1379 1712 1395 ,
1727 1353 1781 1389 vel
1797 1352 1916 1401 iiiiqua
1927 1376 1937 1392 ‚
1947 1352 2000 1387 vel
2016 1364 2103 1386 terra
2122 1349 2188 1385 foe·

1294 1405 1367 1441 tida
1388 1418 1425 1442 vt
1447 1406 1546 1448 luto,
1561 1407 1656 1456 quod
1671 1418 1742 1441 nou
1760 1412 1899 1454 ap'pner
1918 1405 2058 1452 puritas.
2085 1404 2125 1438 Et
2145 1401 2190 1438 fic

1295 1456 1376 1492 dieo
1391 1459 1487 1506 quod
1499 1471 1573 1494 non
1581 1459 1626 1494 est
1640 1469 1853 1493 conueniens
1862 1458 2003 1490 materia
2015 1451 2193 1502 Baptismi,

1297 1511 1379 1556 quia
1398 1508 1590 1559 Baptismus
1601 1510 1646 1545 est
1657 1510 1971 1545 stammam&
1983 1505 2117 1540 ablutio
2133 1517 2192 1540 ex-

1296 1562 1404 1595 terior
1417 1574 1512 1610 ,quae
1524 1563 1571 1597 est
1592 1559 1723 1610 iignum
1742 1558 1820 1594 talis
1841 1555 1981 1594 effeetus
1996 1554 2193 1596 inuisibilis,

1297 1621 1334 1645 Vt
1343 1610 1533 1648 ablutionis
1547 1616 1667 1648 animae
1681 1612 1866 1646 interioris.

1347 1663 1449 1697 Vnde
1461 1675 1519 1710 per
1538 1676 1662 1712 aquam
1675 1660 1864 1710 imptess'am
1878 1659 1955 1696 luto
1975 1670 2050 1694 non
2064 1656 2101 1694 fit
2115 1671 2192 1695 ma-

1296 1714 1382 1747 teria
1403 1711 1676 1762 Baptismi,quia
1695 1726 1768 1748 non
1792 1711 1943 1747 ablueret
1969 1722 2094 1756 corpus
2108 1721 2195 1749 ,nec

1296 1760 1376 1799 effet
1389 1776 1508 1800 verum
1527 1763 1658 1812 iignum
1681 1763 1871 1799 ablutionis
1895 1765 2070 1798 interioris
2086 1765 2194 1797 intiu-

1297 1814 1370 1851 &io
1385 1820 1543 1864 corporis
1553 1819 1589 1852 in
1601 1814 1659 1851 tali
1673 1828 1774 1864 aqua.

1348 1867 1384 1902 Si
1404 1880 1518 1904 autem
1541 1868 1620 1904 ralis
1641 1863 1864 1916 iuxtapofitio
1879 1867 2024 1914 partium
2037 1875 2109 1899 noia
2127 1866 2193 1900 im-

1297 1917 1412 1967 pediat
1424 1921 1494 1954 vim
1515 1918 1675 1955 abluendi
1693 1916 1796 1958 ,ficut
1810 1917 1856 1952 est
1879 1929 1968 1965 aqna
1989 1921 2092 1951 maris
2112 1929 2197 1951 con·

1298 1970 1415 2006 iunaa
1433 1970 1551 2006 multis
1572 1968 1760 2019 vaporibus
1783 1966 1997 2004 terrestribus
2024 1991 2033 2006 ,
2052 1972 2087 2004 &
2107 1980 2196 2015 aqua

1297 2025 1494 2058 communis
1507 2047 1517 2062 ,
1530 2034 1598 2070 qua
1619 2033 1714 2056 nunc
1726 2022 1960 2056 communiter
1977 2030 2121 2053 vtuntur
2132 2018 2197 2053 ho-

1298 2072 1486 2114 mines‚fic
1506 2073 1616 2123 porest
1640 2069 1706 2108 effe
1728 2073 1871 2107 materia
1890 2082 2104 2106 conueniens
2127 2072 2195 2106 Ba-

1300 2122 1428 2173 ptismi.

1349 2179 1441 2224 Qae
1463 2187 1577 2212 autem
1598 2186 1687 2223 aqua
1710 2175 1838 2210 retinet
1860 2171 1952 2210 suam
1976 2170 2120 2222 speciem
2136 2198 2146 2213 ‚
2160 2175 2198 2209 δε

1299 2239 1375 2275 quae
1398 2239 1471 2262 non
1489 2227 1504 2268 ’,
1528 2230 1565 2262 in
1586 2223 1856 2274 iuxtapofitione
1879 2227 2026 2274 partium
2048 2226 2197 2272 pertinet

1292 2279 1341 2314 ·ad
1355 2278 1543 2314 naturalem
1558 2275 1653 2313 scire.
1681 2278 1735 2312 De
1745 2275 1871 2325 quibus
1884 2287 1998 2312 autem
2009 2273 2198 2324 iuxtapofi-

1299 2333 1343 2365 tis
1357 2341 1449 2378 patet
1469 2341 1589 2365 eorum
1609 2331 1734 2364 mixtio
1746 2352 1757 2368 ,
1769 2332 1803 2364 ἔ(
1814 2341 1873 2375 per
1889 2325 2102 2375 consequens
2124 2339 2199 2362 non

1299 2377 1375 2416 sunt
1399 2384 1542 2417 materia
1561 2378 1677 2415 debita
1697 2376 1859 2428 Baptismi
1875 2403 1886 2419 ,
1911 2378 1994 2414 ficut
2022 2381 2120 2413 vrina
2143 2377 2199 2412 di-

1300 2433 1405 2481 gesta,
1416 2445 1490 2481 quae
1502 2432 1550 2468 est
1562 2430 1715 2466 colatura
1729 2428 1914 2478 sanguinis.
1926 2432 1981 2466 De
1994 2426 2199 2477 quibusdam

1300 2496 1415 2518 autem
1435 2486 1534 2532 aquis
1554 2481 1698 2518 dubium
1718 2479 1797 2517 estfi
1816 2481 2020 2522 conseruent
2035 2484 2089 2519 ,δι
2113 2483 2198 2516 reti-

1300 2546 1403 2570 neant
1418 2535 1507 2570 suam
1520 2533 1667 2583 speciem
1678 2557 1689 2572 ,
1701 2545 1736 2568 vt
1751 2537 1786 2567 in
1798 2532 1921 2568 lixiuio
1931 2537 1964 2569 δι
1977 2536 2013 2567 in
2027 2529 2198 2568 ccreuifia.

1300 2587 1355 2621 De
1367 2585 1515 2622 cereuisa
1527 2597 1641 2621 autem
1657 2584 1740 2619 dicit
1750 2596 1837 2619 vnus
1849 2585 1996 2623 Doelm,
2009 2583 2103 2632 quod
2117 2585 2200 2632 quia

1302 2636 1404 2673 habet
1419 2640 1490 2672 vim
1516 2636 1693 2672 nutriendi
1708 2660 1718 2674 ,
1732 2636 1826 2682 quod
1854 2648 1925 2670 non
1941 2633 2044 2670 iubet
2059 2632 2200 2685 simplex

1301 2688 1511 2724 elementum
1526 2703 1535 2730 ς
1549 2687 1629 2723 ideo
1643 2686 1691 2721 ibi
1714 2699 1802 2734 aqua
1824 2699 1898 2721 non
1913 2698 2007 2722 tenet
2018 2684 2110 2721 suam
2126 2685 2199 2734 spe-

1301 2743 1401 2775 ciem.
1428 2740 1494 2775 Sed
1511 2739 1581 2774 hzec
1595 2741 1684 2773 ratio
1695 2750 1767 2772 non
1780 2736 1979 2777 concludis,
1991 2739 2073 2786 quia
2085 2750 2198 2784 quan·

1302 2802 1517 2844 tumentique
1538 2788 1683 2825 saluetur
1704 2786 1832 2837 species
1851 2802 1946 2837 aquae
1957 2789 2038 2823 dum
2059 2786 2201 2824 bladum

1303 2845 1406 2877 iacuit
1420 2844 1456 2876 in
1473 2839 1562 2889 ipsa,
1580 2840 1691 2875 adhuc
1710 2841 1838 2875 nutriet
1853 2843 1988 2875 rarione
2009 2837 2200 2875 substantiae

1302 2892 1395 2928 bladi
1420 2891 1653 2933 admixti,vel
1675 2889 1832 2941 appositi.
1858 2893 1912 2927 De
1924 2890 2001 2927 aliis
2019 2893 2119 2939 aquis
2131 2892 2197 2928 du-

1302 2943 1397 2980 bium
1412 2944 1470 2980 est.

1354 2996 1420 3031 Sed
1432 2996 1474 3031 de
1484 2993 1648 3031 omnibus
1662 3019 1671 3034 ,
1684 3006 1760 3042 quae
1774 2995 1950 3041 pertinent
1961 2994 2002 3030 ad
2018 2994 2198 3030 materiam
2287 3019 2326 3055 7·

1302 3046 1397 3082 istam
1410 3060 1505 3096 pono
1518 3059 1586 3082 tres
1597 3045 1740 3095 regulas.
1761 3047 1874 3081 Prima
1882 3047 1928 3081 est
1941 3070 1952 3086 ,
1963 3046 2057 3094 quod
2072 3049 2108 3080 in
2121 3058 2198 3080 om·
2227 3066 2290 3092 τῇ,
2301 3060 2392 3100 '‘gu'‘

1301 3098 1404 3133 nibus
1416 3096 1631 3147 poffibilibus
1645 3100 1701 3133 via
1714 3100 1822 3132 tutior
1835 3097 1982 3145 eligatur
1996 3122 2006 3137 ,
2019 3097 2110 3141 ynde
2121 3096 2198 3132 nul·
2227 3104 2368 3133 indicandi
2389 3107 2419 3134 in

1301 3148 1355 3185 lus
1366 3148 1519 3200 baptizet
1530 3152 1566 3185 in
1576 3149 1695 3198 aliquo
1709 3147 1859 3196 liquore,
1870 3149 1912 3184 de
1922 3161 1994 3197 quo
2005 3146 2140 3184 dubitat
2154 3161 2197 3183 an
2224 3145 2391 3195 «animam.

1302 3199 1340 3236 fit
1355 3214 1436 3249 pura
1459 3214 1568 3250 aqua,
1586 3198 1609 3236 si
1623 3198 1705 3236 adiit
1718 3197 1920 3248 poffibilitas
1942 3200 1983 3235 ad
2002 3199 2196 3235 habendum
2227 3188 2258 3216 ι’
2290 3196 2419 3256 2⁶⁸¹‘fu’

1302 3265 1426 3298 aquam
1451 3264 1568 3299 puram
1590 3255 1624 3286 in
1646 3250 1756 3300 specie
1776 3263 1879 3299 aquae.
1901 3251 2058 3286 Secunda
2081 3249 2197 3299 regula
2226 3237 2420 3301 inuecta}

1303 3303 1349 3339 est
1363 3304 1481 3352 ,quod
1505 3301 1527 3339 fi
1554 3301 1757 3351 poffibilitas
1780 3315 1853 3337 non
1875 3301 1920 3337 est
1939 3302 1979 3337 ad
2002 3301 2196 3338 habendum
2220 3311 2268 3353 fic,

1303 3358 1479 3392 materiam
1491 3354 1724 3389 conueniente
1737 3352 1881 3389 alicuius
1896 3353 2129 3392 sacramenti,
2145 3356 2199 3389 via

1305 3409 1535 3454 propinquior
1545 3409 1608 3440 viae
1620 3417 1718 3440 certae
1731 3429 1742 3444 ,
1753 3416 1919 3452 quantum
1934 3403 2105 3453 possumus
2119 3417 2201 3453 pro-

1304 3456 1464 3493 babiliter
1477 3458 1627 3492 iudicare
1640 3455 1815 3503 ‚eligatun
1827 3457 1947 3491 Tertia
1960 3455 2076 3503 regula
2088 3480 2098 3496 ,
2113 3454 2135 3490 fi
2147 3458 2202 3492 via

1306 3511 1538 3558 propinquior
1550 3512 1612 3542 viae
1626 3520 1698 3542 non
1710 3507 1820 3555 potest
1833 3506 1950 3542 haberi
1961 3531 1972 3546 ,
1983 3506 2039 3542 fiat
2053 3507 2148 3555 quod
2160 3507 2204 3542 li-

1306 3560 1375 3595 cite
1393 3558 1463 3594 fieti
1476 3559 1584 3608 potest
1599 3584 1609 3598 ‚
1625 3563 1658 3595 δι
1676 3557 1846 3606 reliquum
1865 3556 2023 3594 omissum
2039 3559 2086 3595 est
2105 3557 2205 3594 caute

1308 3610 1587 3659 supplendum,vt
1600 3608 1620 3644 fi
1638 3609 1765 3656 aliquis
1778 3607 1911 3644 dubitet
1928 3606 1960 3644 se
1971 3607 2033 3645 effe
2044 3608 2203 3656 baptiza-

1307 3661 1589 3710 tum‚baptizetur
1603 3658 1662 3696 sub
1673 3661 1875 3695 condition<
1889 3657 2008 3706 ficfics
2016 3659 2207 3709 baptizatus,

1308 3726 1366 3747 non
1376 3724 1406 3746 te
1416 3711 1542 3765 baptizo
1551 3710 1657 3757 ,sedfi
1667 3724 1726 3744 non
1734 3724 1764 3744 es
1773 3710 1952 3757 baptizatus
1964 3737 1974 3751 ‚
1984 3725 2035 3760 ego
2046 3723 2075 3746 ee
2082 3709 2208 3761 baptizo

1308 3767 1342 3799 in
1352 3763 1470 3798 noniine
1481 3764 1639 3803 Patria&
1654 3763 1781 3811 stiffi&
1792 3764 2047 3812 Spiritussinffl'.

1363 3816 1418 3852 Ad
1430 3827 1644 3866 argumenta.

2219 1207 2328 1236 turim
2338 1217 2412 1247 aqu

2218 1253 2304 1287 quala
2324 1253 2415 1288 requi.

2219 1301 2298 1319 ratur
2310 1293 2347 1320 ad
2358 1296 2414 1321 Bu-

2216 1332 2355 1370 pnsum.

1864 3877 1955 3902 ca.
2155 3863 2211 3900 Ad
