<?xml version="1.0" encoding="UTF-8"?>
<!DOCTYPE html PUBLIC "-//W3C//DTD XHTML 1.0 Transitional//EN"
    "http://www.w3.org/TR/xhtml1/DTD/xhtml1-transitional.dtd">
<html xmlns="http://www.w3.org/1999/xhtml" xml:lang="en" lang="en">
 <head>
  <title>
</title>
<meta http-equiv="Content-Type" content="text/html;charset=utf-8" />
  <meta name='ocr-system' content='tesseract 3.04.00' />
  <meta name='ocr-capabilities' content='ocr_page ocr_carea ocr_par ocr_line ocrx_word'/>
</head>
<body>
  <div class='ocr_page' id='page_1' title='image "./operaomnia11dunsuoft_0016.png"; bbox 0 0 2736 4042; ppageno 0'>
   <div class='ocr_carea' id='block_1_1' title="bbox 266 1386 446 1595">
    <p class='ocr_par' dir='ltr' id='par_1_1' title="bbox 266 1386 446 1595">
     <span class='ocr_line' id='line_1_1' title="bbox 336 1386 398 1423; baseline -0.065 -9"><span class='ocrx_word' id='word_1_1' title='bbox 336 1388 351 1414; x_wconf 78' lang='lat'>1</span> <span class='ocrx_word' id='word_1_2' title='bbox 365 1386 382 1423; x_wconf 71' lang='grc' dir='ltr'><strong><em>ς</em></strong></span> <span class='ocrx_word' id='word_1_3' title='bbox 389 1400 398 1410; x_wconf 85' lang='grc'><strong>.</strong></span> 
     </span>
     <span class='ocr_line' id='line_1_2' title="bbox 266 1431 401 1470; baseline -0.022 -10"><span class='ocrx_word' id='word_1_4' title='bbox 266 1431 401 1470; x_wconf 63' lang='lat' dir='ltr'>oltjciiur</span> 
     </span>
     <span class='ocr_line' id='line_1_3' title="bbox 267 1480 431 1507; baseline -0.024 -5"><span class='ocrx_word' id='word_1_5' title='bbox 267 1483 359 1506; x_wconf 66' lang='lat' dir='ltr'>codrrn</span> <span class='ocrx_word' id='word_1_6' title='bbox 375 1480 431 1507; x_wconf 69' lang='lat' dir='ltr'>pro·</span> 
     </span>
     <span class='ocr_line' id='line_1_4' title="bbox 266 1516 400 1546; baseline -0.022 -4"><span class='ocrx_word' id='word_1_7' title='bbox 266 1516 310 1546; x_wconf 66' lang='lat' dir='ltr'>§aa</span> <span class='ocrx_word' id='word_1_8' title='bbox 317 1518 400 1542; x_wconf 64' lang='lat' dir='ltr'>ionum</span> 
     </span>
     <span class='ocr_line' id='line_1_5' title="bbox 268 1552 446 1595; baseline -0.034 -10"><span class='ocrx_word' id='word_1_9' title='bbox 268 1552 446 1595; x_wconf 67' lang='lat' dir='ltr'>cenclufium&#39;s.</span> 
     </span>
    </p>
   </div>
   <div class='ocr_carea' id='block_1_2' title="bbox 265 1938 461 2229">
    <p class='ocr_par' dir='ltr' id='par_1_2' title="bbox 265 1938 461 2229">
     <span class='ocr_line' id='line_1_6' title="bbox 269 1938 444 1986; baseline -0.011 -17"><span class='ocrx_word' id='word_1_10' title='bbox 269 1938 444 1986; x_wconf 58' lang='lat' dir='ltr'>anspondmw</span> 
     </span>
     <span class='ocr_line' id='line_1_7' title="bbox 268 1983 412 2014; baseline -0.035 0"><span class='ocrx_word' id='word_1_11' title='bbox 268 1983 412 2014; x_wconf 45' lang='lat' dir='ltr'>ubiefflini.</span> 
     </span>
     <span class='ocr_line' id='line_1_8' title="bbox 267 2026 402 2057; baseline -0.015 -6"><span class='ocrx_word' id='word_1_12' title='bbox 267 2026 402 2057; x_wconf 70' lang='lat' dir='ltr'>creatura</span> 
     </span>
     <span class='ocr_line' id='line_1_9' title="bbox 265 2058 460 2107; baseline -0.026 -12"><span class='ocrx_word' id='word_1_13' title='bbox 265 2058 460 2107; x_wconf 52' lang='lat' dir='ltr'>participatio}</span> 
     </span>
     <span class='ocr_line' id='line_1_10' title="bbox 269 2103 461 2144; baseline -0.026 -7"><span class='ocrx_word' id='word_1_14' title='bbox 269 2108 379 2137; x_wconf 67' lang='lat' dir='ltr'>nob-&#39;tim</span> <span class='ocrx_word' id='word_1_15' title='bbox 418 2103 461 2144; x_wconf 74' lang='lat' dir='ltr'>effi</span> 
     </span>
     <span class='ocr_line' id='line_1_11' title="bbox 269 2149 421 2182; baseline -0.007 -6"><span class='ocrx_word' id='word_1_16' title='bbox 269 2149 369 2182; x_wconf 54' lang='lat' dir='ltr'>hubent</span> <span class='ocrx_word' id='word_1_17' title='bbox 394 2158 421 2175; x_wconf 84' lang='lat' dir='ltr'>m</span> 
     </span>
     <span class='ocr_line' id='line_1_12' title="bbox 269 2187 432 2229; baseline -0.006 -10"><span class='ocrx_word' id='word_1_18' title='bbox 269 2194 327 2222; x_wconf 79' lang='lat' dir='ltr'>Deo</span> <span class='ocrx_word' id='word_1_19' title='bbox 348 2187 432 2229; x_wconf 51' lang='grc' dir='ltr'>φυὰν»</span> 
     </span>
    </p>
   </div>
   <div class='ocr_carea' id='block_1_3' title="bbox 270 2231 404 2271">
    <p class='ocr_par' dir='ltr' id='par_1_3' title="bbox 270 2231 404 2271">
     <span class='ocr_line' id='line_1_13' title="bbox 270 2231 404 2271; baseline -0.015 -8"><span class='ocrx_word' id='word_1_20' title='bbox 270 2235 300 2263; x_wconf 68' lang='lat' dir='ltr'>in</span> <span class='ocrx_word' id='word_1_21' title='bbox 306 2231 404 2271; x_wconf 65' lang='lat' dir='ltr'>sn‘psss.</span> 
     </span>
    </p>
   </div>
   <div class='ocr_carea' id='block_1_4' title="bbox 263 2355 463 2642">
    <p class='ocr_par' dir='ltr' id='par_1_4' title="bbox 263 2355 463 2642">
     <span class='ocr_line' id='line_1_14' title="bbox 273 2355 463 2385; baseline -0.016 0"><span class='ocrx_word' id='word_1_22' title='bbox 273 2356 375 2385; x_wconf 75' lang='lat' dir='ltr'>Domus</span> <span class='ocrx_word' id='word_1_23' title='bbox 389 2355 463 2382; x_wconf 71' lang='lat' dir='ltr'>i&#39;nrru</span> 
     </span>
     <span class='ocr_line' id='line_1_15' title="bbox 270 2404 432 2435; baseline 0.006 -13"><span class='ocrx_word' id='word_1_24' title='bbox 270 2404 315 2435; x_wconf 72' lang='lat' dir='ltr'>pro</span> <span class='ocrx_word' id='word_1_25' title='bbox 333 2404 432 2434; x_wconf 78' lang='lat' dir='ltr'>quanto</span> 
     </span>
     <span class='ocr_line' id='line_1_16' title="bbox 266 2439 415 2478; baseline -0.007 -13"><span class='ocrx_word' id='word_1_26' title='bbox 266 2439 415 2478; x_wconf 66' lang='lat' dir='ltr'>participat</span> 
     </span>
     <span class='ocr_line' id='line_1_17' title="bbox 266 2477 460 2517; baseline -0.01 -10"><span class='ocrx_word' id='word_1_27' title='bbox 266 2477 316 2517; x_wconf 23' lang='lat' dir='ltr'>&#39;offo</span> <span class='ocrx_word' id='word_1_28' title='bbox 326 2477 402 2515; x_wconf 78' lang='lat' dir='ltr'>ipsius</span> <span class='ocrx_word' id='word_1_29' title='bbox 419 2488 460 2505; x_wconf 82' lang='lat' dir='ltr'>co-</span> 
     </span>
     <span class='ocr_line' id='line_1_18' title="bbox 267 2522 461 2556; baseline 0.005 -10"><span class='ocrx_word' id='word_1_30' title='bbox 267 2522 397 2556; x_wconf 63' lang='lat' dir='ltr'>gnitionis</span> <span class='ocrx_word' id='word_1_31' title='bbox 406 2526 461 2555; x_wconf 73' lang='lat' dir='ltr'>pcr-</span> 
     </span>
     <span class='ocr_line' id='line_1_19' title="bbox 263 2560 425 2600; baseline 0.006 -13"><span class='ocrx_word' id='word_1_32' title='bbox 263 2560 363 2600; x_wconf 62' lang='lat' dir='ltr'>fec&#39;h‘or</span> <span class='ocrx_word' id='word_1_33' title='bbox 387 2560 425 2597; x_wconf 75' lang='lat' dir='ltr'>est·</span> 
     </span>
     <span class='ocr_line' id='line_1_20' title="bbox 266 2602 362 2642; baseline 0.021 -14"><span class='ocrx_word' id='word_1_34' title='bbox 266 2602 362 2642; x_wconf 61' lang='lat' dir='ltr'>seipsa.</span> 
     </span>
    </p>
   </div>
   <div class='ocr_carea' id='block_1_5' title="bbox 270 3171 466 3451">
    <p class='ocr_par' dir='ltr' id='par_1_5' title="bbox 272 3171 461 3245">
     <span class='ocr_line' id='line_1_21' title="bbox 275 3171 461 3212; baseline 0.005 -13"><span class='ocrx_word' id='word_1_35' title='bbox 275 3171 461 3212; x_wconf 65' lang='lat' dir='ltr'>Conrlufiosi-</span> 
     </span>
     <span class='ocr_line' id='line_1_22' title="bbox 272 3214 370 3245; baseline 0.01 -3"><span class='ocrx_word' id='word_1_36' title='bbox 272 3214 370 3245; x_wconf 67' lang='lat' dir='ltr'>tanda.</span> 
     </span>
    </p>

    <p class='ocr_par' dir='ltr' id='par_1_6' title="bbox 270 3260 466 3451">
     <span class='ocr_line' id='line_1_23' title="bbox 275 3260 460 3287; baseline -0.011 -3"><span class='ocrx_word' id='word_1_37' title='bbox 275 3260 304 3284; x_wconf 78' lang='lat' dir='ltr'><em>A</em></span> <span class='ocrx_word' id='word_1_38' title='bbox 310 3266 367 3287; x_wconf 68' lang='lat' dir='ltr'>&lt;rens</span> <span class='ocrx_word' id='word_1_39' title='bbox 377 3262 460 3283; x_wconf 75' lang='lat' dir='ltr'>maee-</span> 
     </span>
     <span class='ocr_line' id='line_1_24' title="bbox 274 3298 465 3332; baseline -0.026 -7"><span class='ocrx_word' id='word_1_40' title='bbox 274 3298 343 3326; x_wconf 76' lang='lat' dir='ltr'>rnle</span> <span class='ocrx_word' id='word_1_41' title='bbox 354 3307 403 3324; x_wconf 79' lang='lat' dir='ltr'>non</span> <span class='ocrx_word' id='word_1_42' title='bbox 420 3305 465 3332; x_wconf 74' lang='lat' dir='ltr'>po-</span> 
     </span>
     <span class='ocr_line' id='line_1_25' title="bbox 276 3337 466 3371; baseline 0.005 -6"><span class='ocrx_word' id='word_1_43' title='bbox 276 3337 325 3370; x_wconf 74' lang='lat' dir='ltr'>tell</span> <span class='ocrx_word' id='word_1_44' title='bbox 350 3338 466 3371; x_wconf 72' lang='lat' dir='ltr'>sormam</span> 
     </span>
     <span class='ocr_line' id='line_1_26' title="bbox 270 3378 435 3417; baseline 0.012 -11"><span class='ocrx_word' id='word_1_45' title='bbox 270 3378 435 3417; x_wconf 64' lang='lat' dir='ltr'>fiobslamia·</span> 
     </span>
     <span class='ocr_line' id='line_1_27' title="bbox 275 3419 433 3451; baseline 0 0"><span class='ocrx_word' id='word_1_46' title='bbox 275 3419 328 3451; x_wconf 72' lang='lat' dir='ltr'>laen</span> <span class='ocrx_word' id='word_1_47' title='bbox 335 3431 433 3451; x_wconf 73' lang='lat' dir='ltr'>creare.</span> 
     </span>
    </p>
   </div>
   <div class='ocr_carea' id='block_1_6' title="bbox 484 127 628 224">
    <p class='ocr_par' dir='ltr' id='par_1_7' title="bbox 484 127 628 224">
     <span class='ocr_line' id='line_1_28' title="bbox 484 127 628 224; baseline -0.014 -21"><span class='ocrx_word' id='word_1_48' title='bbox 484 127 628 224; x_wconf 80' lang='lat'>562</span> 
     </span>
    </p>
   </div>
   <div class='ocr_carea' id='block_1_7' title="bbox 481 241 1384 3765">
    <p class='ocr_par' dir='ltr' id='par_1_8' title="bbox 481 241 1382 1365">
     <span class='ocr_line' id='line_1_29' title="bbox 538 241 1376 295; baseline -0.007 -11"><span class='ocrx_word' id='word_1_49' title='bbox 538 248 647 284; x_wconf 74' lang='lat' dir='ltr'>Aliter</span> <span class='ocrx_word' id='word_1_50' title='bbox 668 243 830 295; x_wconf 74' lang='lat' dir='ltr'>probatur</span> <span class='ocrx_word' id='word_1_51' title='bbox 857 241 942 279; x_wconf 89' lang='lat' dir='ltr'>illud</span> <span class='ocrx_word' id='word_1_52' title='bbox 965 242 1179 278; x_wconf 81' lang='lat' dir='ltr'>antecedens.</span> <span class='ocrx_word' id='word_1_53' title='bbox 1223 242 1376 292; x_wconf 81' lang='lat' dir='ltr'>Angelus</span> 
     </span>
     <span class='ocr_line' id='line_1_30' title="bbox 486 294 1377 351; baseline -0.007 -16"><span class='ocrx_word' id='word_1_54' title='bbox 486 302 594 351; x_wconf 76' lang='lat' dir='ltr'>potest</span> <span class='ocrx_word' id='word_1_55' title='bbox 609 300 804 346; x_wconf 74' lang='lat' dir='ltr'>intelligere</span> <span class='ocrx_word' id='word_1_56' title='bbox 829 307 932 330; x_wconf 86' lang='lat' dir='ltr'>vnum</span> <span class='ocrx_word' id='word_1_57' title='bbox 946 294 1167 342; x_wconf 79' lang='lat' dir='ltr'>intelligibile</span> <span class='ocrx_word' id='word_1_58' title='bbox 1180 294 1253 342; x_wconf 81' lang='lat' dir='ltr'>post</span> <span class='ocrx_word' id='word_1_59' title='bbox 1265 295 1377 333; x_wconf 81' lang='lat' dir='ltr'>aliud,</span> 
     </span>
     <span class='ocr_line' id='line_1_31' title="bbox 485 344 1375 393; baseline -0.006 -7"><span class='ocrx_word' id='word_1_60' title='bbox 485 357 521 388; x_wconf 84' lang='lat'>&amp;</span> <span class='ocrx_word' id='word_1_61' title='bbox 550 364 620 386; x_wconf 87' lang='lat' dir='ltr'>non</span> <span class='ocrx_word' id='word_1_62' title='bbox 642 362 758 384; x_wconf 66' lang='lat' dir='ltr'>omnia</span> <span class='ocrx_word' id='word_1_63' title='bbox 781 347 900 385; x_wconf 82' lang='lat' dir='ltr'>innui,</span> <span class='ocrx_word' id='word_1_64' title='bbox 924 349 1004 393; x_wconf 81' lang='lat' dir='ltr'>quia</span> <span class='ocrx_word' id='word_1_65' title='bbox 1027 344 1220 380; x_wconf 57' lang='lat' dir='ltr'>intellectus</span> <span class='ocrx_word' id='word_1_66' title='bbox 1247 345 1375 381; x_wconf 86' lang='lat' dir='ltr'>habens</span> 
     </span>
     <span class='ocr_line' id='line_1_32' title="bbox 486 395 1374 444; baseline -0.007 -7"><span class='ocrx_word' id='word_1_67' title='bbox 486 406 650 437; x_wconf 70' lang='lat' dir='ltr'>virtutem</span> <span class='ocrx_word' id='word_1_68' title='bbox 666 399 762 434; x_wconf 81' lang='lat' dir='ltr'>siinul</span> <span class='ocrx_word' id='word_1_69' title='bbox 789 397 1005 444; x_wconf 53' lang='lat' dir='ltr'>intelbigendi</span> <span class='ocrx_word' id='word_1_70' title='bbox 1026 395 1164 431; x_wconf 80' lang='lat' dir='ltr'>infinita</span> <span class='ocrx_word' id='word_1_71' title='bbox 1186 396 1231 430; x_wconf 86' lang='lat' dir='ltr'>est</span> <span class='ocrx_word' id='word_1_72' title='bbox 1255 396 1374 431; x_wconf 86' lang='lat' dir='ltr'>infini-</span> 
     </span>
     <span class='ocr_line' id='line_1_33' title="bbox 486 444 1375 500; baseline -0.007 -12"><span class='ocrx_word' id='word_1_73' title='bbox 486 464 640 500; x_wconf 55' lang='lat' dir='ltr'>tuzqcsgo</span> <span class='ocrx_word' id='word_1_74' title='bbox 654 451 747 485; x_wconf 70' lang='lat' dir='ltr'>nulla</span> <span class='ocrx_word' id='word_1_75' title='bbox 762 448 951 483; x_wconf 64' lang='lat' dir='ltr'>iiiteilcdho</span> <span class='ocrx_word' id='word_1_76' title='bbox 961 447 1006 481; x_wconf 88' lang='lat' dir='ltr'>est</span> <span class='ocrx_word' id='word_1_77' title='bbox 1019 444 1075 482; x_wconf 84' lang='lat' dir='ltr'>sua</span> <span class='ocrx_word' id='word_1_78' title='bbox 1089 444 1375 482; x_wconf 77' lang='lat' dir='ltr'>substantia.1&gt;ro-</span> 
     </span>
     <span class='ocr_line' id='line_1_34' title="bbox 487 494 1378 548; baseline -0.006 -10"><span class='ocrx_word' id='word_1_79' title='bbox 487 502 585 538; x_wconf 72' lang='lat' dir='ltr'>bario</span> <span class='ocrx_word' id='word_1_80' title='bbox 608 499 860 548; x_wconf 70' lang='lat' dir='ltr'>consequentiae</span> <span class='ocrx_word' id='word_1_81' title='bbox 887 511 895 533; x_wconf 77' lang='grc' dir='ltr'><strong>ε</strong></span> <span class='ocrx_word' id='word_1_82' title='bbox 919 500 1033 532; x_wconf 79' lang='lat' dir='ltr'>omnis</span> <span class='ocrx_word' id='word_1_83' title='bbox 1059 495 1240 533; x_wconf 87' lang='lat' dir='ltr'>substantia</span> <span class='ocrx_word' id='word_1_84' title='bbox 1261 494 1378 533; x_wconf 88' lang='lat' dir='ltr'>secun-</span> 
     </span>
     <span class='ocr_line' id='line_1_35' title="bbox 487 549 1378 598; baseline -0.008 -10"><span class='ocrx_word' id='word_1_85' title='bbox 487 554 569 588; x_wconf 73' lang='lat' dir='ltr'>dum</span> <span class='ocrx_word' id='word_1_86' title='bbox 584 558 614 588; x_wconf 84' lang='lat' dir='ltr'>ie</span> <span class='ocrx_word' id='word_1_87' title='bbox 626 551 780 587; x_wconf 86' lang='lat' dir='ltr'>nobilior</span> <span class='ocrx_word' id='word_1_88' title='bbox 793 550 839 585; x_wconf 82' lang='lat' dir='ltr'>cst</span> <span class='ocrx_word' id='word_1_89' title='bbox 861 560 1069 597; x_wconf 85' lang='lat' dir='ltr'>quocunque</span> <span class='ocrx_word' id='word_1_90' title='bbox 1081 549 1258 593; x_wconf 78' lang='lat' dir='ltr'>accidente</span> <span class='ocrx_word' id='word_1_91' title='bbox 1271 562 1280 589; x_wconf 79' lang='lat' dir='ltr'>i</span> <span class='ocrx_word' id='word_1_92' title='bbox 1294 561 1378 598; x_wconf 85' lang='lat' dir='ltr'>ergo</span> 
     </span>
     <span class='ocr_line' id='line_1_36' title="bbox 486 593 1379 648; baseline -0.006 -8"><span class='ocrx_word' id='word_1_93' title='bbox 486 608 521 640; x_wconf 72' lang='grc' dir='ltr'>δε</span> <span class='ocrx_word' id='word_1_94' title='bbox 537 593 810 638; x_wconf 75' lang='lat' dir='ltr'>nobilior&#39;oinni</span> <span class='ocrx_word' id='word_1_95' title='bbox 832 599 1087 635; x_wconf 64' lang='lat' dir='ltr'>intellectione:</span> <span class='ocrx_word' id='word_1_96' title='bbox 1106 597 1379 648; x_wconf 83' lang='lat' dir='ltr'>sedimpoffibile</span> 
     </span>
     <span class='ocr_line' id='line_1_37' title="bbox 481 649 1378 700; baseline -0.006 -9"><span class='ocrx_word' id='word_1_97' title='bbox 481 658 532 691; x_wconf 75' lang='lat' dir='ltr'>est</span> <span class='ocrx_word' id='word_1_98' title='bbox 574 654 721 690; x_wconf 82' lang='lat' dir='ltr'>formam</span> <span class='ocrx_word' id='word_1_99' title='bbox 746 650 1035 700; x_wconf 71' lang='lat' dir='ltr'>imperfeffiorem</span> <span class='ocrx_word' id='word_1_100' title='bbox 1068 655 1103 686; x_wconf 89' lang='lat'>&amp;</span> <span class='ocrx_word' id='word_1_101' title='bbox 1131 649 1378 699; x_wconf 82' lang='lat' dir='ltr'>ignobiliorem</span> 
     </span>
     <span class='ocr_line' id='line_1_38' title="bbox 486 700 1380 754; baseline -0.004 -13"><span class='ocrx_word' id='word_1_102' title='bbox 486 703 549 741; x_wconf 81' lang='lat' dir='ltr'>else</span> <span class='ocrx_word' id='word_1_103' title='bbox 575 706 782 754; x_wconf 81' lang='lat' dir='ltr'>principium</span> <span class='ocrx_word' id='word_1_104' title='bbox 803 701 947 737; x_wconf 78' lang='lat' dir='ltr'>formale</span> <span class='ocrx_word' id='word_1_105' title='bbox 960 701 1172 750; x_wconf 85' lang='lat' dir='ltr'>producendi</span> <span class='ocrx_word' id='word_1_106' title='bbox 1185 700 1380 751; x_wconf 70' lang='lat' dir='ltr'>perfeisti&#39;us,</span> 
     </span>
     <span class='ocr_line' id='line_1_39' title="bbox 486 752 1379 805; baseline -0.003 -14"><span class='ocrx_word' id='word_1_107' title='bbox 486 768 556 794; x_wconf 62' lang='lat' dir='ltr'>tuin</span> <span class='ocrx_word' id='word_1_108' title='bbox 572 769 607 790; x_wconf 86' lang='lat' dir='ltr'>in</span> <span class='ocrx_word' id='word_1_109' title='bbox 619 754 800 805; x_wconf 78' lang='lat' dir='ltr'>agentibus</span> <span class='ocrx_word' id='word_1_110' title='bbox 815 752 974 792; x_wconf 69' lang='lat' dir='ltr'>vniuoce,</span> <span class='ocrx_word' id='word_1_111' title='bbox 991 752 1093 801; x_wconf 65' lang='lat' dir='ltr'>qu‘am</span> <span class='ocrx_word' id='word_1_112' title='bbox 1108 752 1297 800; x_wconf 71' lang='lat' dir='ltr'>aequiuoce.</span> <span class='ocrx_word' id='word_1_113' title='bbox 1317 754 1379 788; x_wconf 83' lang='lat' dir='ltr'>Pa-</span> 
     </span>
     <span class='ocr_line' id='line_1_40' title="bbox 487 801 1379 852; baseline -0.006 -9"><span class='ocrx_word' id='word_1_114' title='bbox 487 819 536 843; x_wconf 89' lang='lat' dir='ltr'>tet</span> <span class='ocrx_word' id='word_1_115' title='bbox 554 807 755 841; x_wconf 62' lang='lat' dir='ltr'>inductione</span> <span class='ocrx_word' id='word_1_116' title='bbox 777 808 811 839; x_wconf 80' lang='lat' dir='ltr'>in</span> <span class='ocrx_word' id='word_1_117' title='bbox 834 803 1114 852; x_wconf 66' lang='lat' dir='ltr'>oinnibussergo</span> <span class='ocrx_word' id='word_1_118' title='bbox 1139 801 1162 837; x_wconf 84' lang='lat' dir='ltr'>fi</span> <span class='ocrx_word' id='word_1_119' title='bbox 1189 802 1379 839; x_wconf 61' lang='lat' dir='ltr'>intellectio</span> 
     </span>
     <span class='ocr_line' id='line_1_41' title="bbox 487 851 1379 906; baseline -0.007 -12"><span class='ocrx_word' id='word_1_120' title='bbox 487 857 616 906; x_wconf 84' lang='lat' dir='ltr'>Angcli</span> <span class='ocrx_word' id='word_1_121' title='bbox 638 858 683 892; x_wconf 87' lang='lat' dir='ltr'>est</span> <span class='ocrx_word' id='word_1_122' title='bbox 697 856 853 899; x_wconf 84' lang='lat' dir='ltr'>accidens</span> <span class='ocrx_word' id='word_1_123' title='bbox 867 880 876 894; x_wconf 88' lang='lat'>,</span> <span class='ocrx_word' id='word_1_124' title='bbox 890 867 962 888; x_wconf 90' lang='lat' dir='ltr'>non</span> <span class='ocrx_word' id='word_1_125' title='bbox 974 855 1081 902; x_wconf 79' lang='lat' dir='ltr'>potest</span> <span class='ocrx_word' id='word_1_126' title='bbox 1095 851 1157 889; x_wconf 71' lang='lat' dir='ltr'>css&#39;e</span> <span class='ocrx_word' id='word_1_127' title='bbox 1170 856 1379 905; x_wconf 86' lang='lat' dir='ltr'>principium</span> 
     </span>
     <span class='ocr_line' id='line_1_42' title="bbox 489 903 1378 957; baseline -0.004 -13"><span class='ocrx_word' id='word_1_128' title='bbox 489 907 637 945; x_wconf 83' lang='lat' dir='ltr'>formale</span> <span class='ocrx_word' id='word_1_129' title='bbox 650 907 861 957; x_wconf 85' lang='lat' dir='ltr'>producendi</span> <span class='ocrx_word' id='word_1_130' title='bbox 884 905 1036 953; x_wconf 81' lang='lat' dir='ltr'>aliquam</span> <span class='ocrx_word' id='word_1_131' title='bbox 1059 903 1206 940; x_wconf 86' lang='lat' dir='ltr'>formam</span> <span class='ocrx_word' id='word_1_132' title='bbox 1227 903 1378 941; x_wconf 86' lang='lat' dir='ltr'>substan-</span> 
     </span>
     <span class='ocr_line' id='line_1_43' title="bbox 486 954 1380 1005; baseline -0.004 -10"><span class='ocrx_word' id='word_1_133' title='bbox 486 959 618 995; x_wconf 87' lang='lat' dir='ltr'>tialem.</span> <span class='ocrx_word' id='word_1_134' title='bbox 652 961 693 996; x_wconf 86' lang='lat' dir='ltr'>Et</span> <span class='ocrx_word' id='word_1_135' title='bbox 717 958 808 993; x_wconf 87' lang='lat' dir='ltr'>idem</span> <span class='ocrx_word' id='word_1_136' title='bbox 832 958 984 1005; x_wconf 80' lang='lat' dir='ltr'>arguitur</span> <span class='ocrx_word' id='word_1_137' title='bbox 1008 955 1050 990; x_wconf 90' lang='lat' dir='ltr'>de</span> <span class='ocrx_word' id='word_1_138' title='bbox 1069 957 1146 991; x_wconf 65' lang='lat' dir='ltr'>auu</span> <span class='ocrx_word' id='word_1_139' title='bbox 1167 954 1318 1002; x_wconf 82' lang='lat' dir='ltr'>volendi.</span> <span class='ocrx_word' id='word_1_140' title='bbox 1343 957 1380 991; x_wconf 80' lang='lat' dir='ltr'>si</span> 
     </span>
     <span class='ocr_line' id='line_1_44' title="bbox 486 1007 1378 1057; baseline -0.004 -11"><span class='ocrx_word' id='word_1_141' title='bbox 486 1022 602 1047; x_wconf 86' lang='lat' dir='ltr'>autem</span> <span class='ocrx_word' id='word_1_142' title='bbox 629 1021 777 1057; x_wconf 84' lang='lat' dir='ltr'>ponatur</span> <span class='ocrx_word' id='word_1_143' title='bbox 798 1007 865 1043; x_wconf 87' lang='lat' dir='ltr'>alia</span> <span class='ocrx_word' id='word_1_144' title='bbox 886 1009 1041 1056; x_wconf 86' lang='lat' dir='ltr'>potentia</span> <span class='ocrx_word' id='word_1_145' title='bbox 1055 1008 1073 1041; x_wconf 71' lang='lat' dir='ltr'>a</span> <span class='ocrx_word' id='word_1_146' title='bbox 1096 1009 1251 1055; x_wconf 85' lang='lat' dir='ltr'>potentia</span> <span class='ocrx_word' id='word_1_147' title='bbox 1273 1007 1378 1042; x_wconf 90' lang='lat' dir='ltr'>intel-</span> 
     </span>
     <span class='ocr_line' id='line_1_45' title="bbox 488 1056 1380 1107; baseline -0.004 -10"><span class='ocrx_word' id='word_1_148' title='bbox 488 1060 613 1098; x_wconf 56' lang='lat' dir='ltr'>leelina</span> <span class='ocrx_word' id='word_1_149' title='bbox 637 1083 647 1101; x_wconf 86' lang='lat'>,</span> <span class='ocrx_word' id='word_1_150' title='bbox 668 1065 702 1098; x_wconf 90' lang='lat'>&amp;</span> <span class='ocrx_word' id='word_1_151' title='bbox 726 1060 875 1095; x_wconf 87' lang='lat' dir='ltr'>volitiua</span> <span class='ocrx_word' id='word_1_152' title='bbox 898 1061 933 1093; x_wconf 90' lang='lat' dir='ltr'>iu</span> <span class='ocrx_word' id='word_1_153' title='bbox 965 1056 1103 1106; x_wconf 84' lang='lat' dir='ltr'>Angelo</span> <span class='ocrx_word' id='word_1_154' title='bbox 1124 1082 1135 1097; x_wconf 83' lang='lat'>‚</span> <span class='ocrx_word' id='word_1_155' title='bbox 1158 1070 1194 1093; x_wconf 99' lang='grc' dir='ltr'>νε</span> <span class='ocrx_word' id='word_1_156' title='bbox 1225 1061 1380 1107; x_wconf 86' lang='lat' dir='ltr'>potentia</span> 
     </span>
     <span class='ocr_line' id='line_1_46' title="bbox 487 1106 1382 1156; baseline -0.004 -9"><span class='ocrx_word' id='word_1_157' title='bbox 487 1115 665 1148; x_wconf 79' lang='lat' dir='ltr'>executiua</span> <span class='ocrx_word' id='word_1_158' title='bbox 683 1110 774 1152; x_wconf 87' lang='lat' dir='ltr'>,&#39;illa</span> <span class='ocrx_word' id='word_1_159' title='bbox 796 1122 870 1145; x_wconf 89' lang='lat' dir='ltr'>nou</span> <span class='ocrx_word' id='word_1_160' title='bbox 887 1109 994 1156; x_wconf 80' lang='lat' dir='ltr'>potest</span> <span class='ocrx_word' id='word_1_161' title='bbox 1018 1113 1053 1144; x_wconf 88' lang='lat' dir='ltr'>in</span> <span class='ocrx_word' id='word_1_162' title='bbox 1076 1106 1227 1156; x_wconf 75' lang='lat' dir='ltr'>aliquem</span> <span class='ocrx_word' id='word_1_163' title='bbox 1254 1109 1382 1148; x_wconf 66' lang='lat' dir='ltr'>aetum,</span> 
     </span>
     <span class='ocr_line' id='line_1_47' title="bbox 488 1157 1380 1209; baseline -0.004 -11"><span class='ocrx_word' id='word_1_164' title='bbox 488 1161 551 1198; x_wconf 86' lang='lat' dir='ltr'>nifi</span> <span class='ocrx_word' id='word_1_165' title='bbox 572 1166 608 1197; x_wconf 88' lang='lat' dir='ltr'>in</span> <span class='ocrx_word' id='word_1_166' title='bbox 620 1157 747 1198; x_wconf 65' lang='lat' dir='ltr'>virtute</span> <span class='ocrx_word' id='word_1_167' title='bbox 767 1163 860 1197; x_wconf 68' lang='lat' dir='ltr'>actus</span> <span class='ocrx_word' id='word_1_168' title='bbox 882 1160 1076 1196; x_wconf 68' lang='lat' dir='ltr'>intellectus</span> <span class='ocrx_word' id='word_1_169' title='bbox 1091 1181 1100 1197; x_wconf 81' lang='lat'><strong><em>‚</em></strong></span> <span class='ocrx_word' id='word_1_170' title='bbox 1112 1158 1166 1194; x_wconf 86' lang='lat' dir='ltr'>vel</span> <span class='ocrx_word' id='word_1_171' title='bbox 1179 1157 1380 1209; x_wconf 60' lang='lat' dir='ltr'>voluntatis,</span> 
     </span>
     <span class='ocr_line' id='line_1_48' title="bbox 487 1208 1378 1262; baseline -0.006 -14"><span class='ocrx_word' id='word_1_172' title='bbox 487 1216 570 1262; x_wconf 84' lang='lat' dir='ltr'>quia</span> <span class='ocrx_word' id='word_1_173' title='bbox 584 1225 688 1248; x_wconf 85' lang='lat' dir='ltr'>omne</span> <span class='ocrx_word' id='word_1_174' title='bbox 702 1225 805 1262; x_wconf 82' lang='lat' dir='ltr'>agens</span> <span class='ocrx_word' id='word_1_175' title='bbox 825 1214 895 1260; x_wconf 87' lang='lat' dir='ltr'>agit</span> <span class='ocrx_word' id='word_1_176' title='bbox 911 1222 1049 1259; x_wconf 86' lang='lat' dir='ltr'>propter</span> <span class='ocrx_word' id='word_1_177' title='bbox 1071 1208 1173 1245; x_wconf 85' lang='lat' dir='ltr'>finem</span> <span class='ocrx_word' id='word_1_178' title='bbox 1185 1233 1194 1248; x_wconf 86' lang='lat'><em>‚</em></span> <span class='ocrx_word' id='word_1_179' title='bbox 1208 1222 1311 1258; x_wconf 87' lang='lat' dir='ltr'>quem</span> <span class='ocrx_word' id='word_1_180' title='bbox 1332 1209 1378 1246; x_wconf 89' lang='lat' dir='ltr'>se-</span> 
     </span>
     <span class='ocr_line' id='line_1_49' title="bbox 489 1260 1381 1313; baseline -0.003 -13"><span class='ocrx_word' id='word_1_181' title='bbox 489 1264 640 1300; x_wconf 71' lang='lat' dir='ltr'>cundum</span> <span class='ocrx_word' id='word_1_182' title='bbox 666 1262 697 1300; x_wconf 89' lang='lat' dir='ltr'>se</span> <span class='ocrx_word' id='word_1_183' title='bbox 709 1261 888 1313; x_wconf 86' lang='lat' dir='ltr'>cognoscit</span> <span class='ocrx_word' id='word_1_184' title='bbox 902 1262 975 1302; x_wconf 86' lang='lat' dir='ltr'>,vel</span> <span class='ocrx_word' id='word_1_185' title='bbox 990 1265 1027 1296; x_wconf 90' lang='lat' dir='ltr'>in</span> <span class='ocrx_word' id='word_1_186' title='bbox 1039 1273 1141 1309; x_wconf 84' lang='lat' dir='ltr'>quem</span> <span class='ocrx_word' id='word_1_187' title='bbox 1155 1261 1316 1310; x_wconf 82' lang='lat' dir='ltr'>dirigitur</span> <span class='ocrx_word' id='word_1_188' title='bbox 1338 1260 1381 1297; x_wconf 87' lang='lat' dir='ltr'>ab</span> 
     </span>
     <span class='ocr_line' id='line_1_50' title="bbox 492 1313 1167 1365; baseline -0.004 -15"><span class='ocrx_word' id='word_1_189' title='bbox 492 1327 614 1365; x_wconf 79' lang='lat' dir='ltr'>agente</span> <span class='ocrx_word' id='word_1_190' title='bbox 628 1313 799 1364; x_wconf 75' lang='lat' dir='ltr'>superiore</span> <span class='ocrx_word' id='word_1_191' title='bbox 810 1313 913 1350; x_wconf 79' lang='lat' dir='ltr'>finem</span> <span class='ocrx_word' id='word_1_192' title='bbox 924 1317 1167 1362; x_wconf 84' lang='lat' dir='ltr'>coguolccntc.</span> 
     </span>
    </p>

    <p class='ocr_par' dir='ltr' id='par_1_9' title="bbox 487 1360 1382 1922">
     <span class='ocr_line' id='line_1_51' title="bbox 542 1360 1378 1413; baseline -0.001 -13"><span class='ocrx_word' id='word_1_193' title='bbox 542 1367 675 1401; x_wconf 78' lang='lat' dir='ltr'>Contra</span> <span class='ocrx_word' id='word_1_194' title='bbox 689 1366 782 1401; x_wconf 77' lang='lat' dir='ltr'>istam</span> <span class='ocrx_word' id='word_1_195' title='bbox 795 1368 963 1400; x_wconf 87' lang='lat' dir='ltr'>rationem</span> <span class='ocrx_word' id='word_1_196' title='bbox 976 1364 1063 1398; x_wconf 85' lang='lat' dir='ltr'>insto</span> <span class='ocrx_word' id='word_1_197' title='bbox 1075 1388 1084 1402; x_wconf 79' lang='grc'><strong>,</strong></span> <span class='ocrx_word' id='word_1_198' title='bbox 1098 1375 1133 1398; x_wconf 86' lang='lat' dir='ltr'>vt</span> <span class='ocrx_word' id='word_1_199' title='bbox 1145 1364 1254 1413; x_wconf 88' lang='lat' dir='ltr'>magis</span> <span class='ocrx_word' id='word_1_200' title='bbox 1265 1360 1378 1399; x_wconf 88' lang='lat' dir='ltr'>decla-</span> 
     </span>
     <span class='ocr_line' id='line_1_52' title="bbox 490 1412 1382 1464; baseline -0.001 -13"><span class='ocrx_word' id='word_1_201' title='bbox 490 1429 592 1453; x_wconf 83' lang='lat' dir='ltr'>retur.</span> <span class='ocrx_word' id='word_1_202' title='bbox 610 1419 639 1453; x_wconf 80' lang='lat' dir='ltr'>A</span> <span class='ocrx_word' id='word_1_203' title='bbox 651 1418 756 1452; x_wconf 87' lang='lat' dir='ltr'>domo</span> <span class='ocrx_word' id='word_1_204' title='bbox 769 1442 779 1457; x_wconf 93' lang='lat'><em>‚</em></span> <span class='ocrx_word' id='word_1_205' title='bbox 791 1428 864 1464; x_wconf 84' lang='lat' dir='ltr'>qiiae</span> <span class='ocrx_word' id='word_1_206' title='bbox 876 1417 970 1451; x_wconf 84' lang='lat' dir='ltr'>estin</span> <span class='ocrx_word' id='word_1_207' title='bbox 985 1412 1149 1455; x_wconf 86' lang='lat' dir='ltr'>anima,fit</span> <span class='ocrx_word' id='word_1_208' title='bbox 1162 1415 1285 1449; x_wconf 85' lang='lat' dir='ltr'>domus</span> <span class='ocrx_word' id='word_1_209' title='bbox 1301 1417 1336 1449; x_wconf 89' lang='lat' dir='ltr'>in</span> <span class='ocrx_word' id='word_1_210' title='bbox 1347 1426 1382 1450; x_wconf 85' lang='lat' dir='ltr'>re</span> 
     </span>
     <span class='ocr_line' id='line_1_53' title="bbox 490 1463 1381 1515; baseline -0.004 -12"><span class='ocrx_word' id='word_1_211' title='bbox 490 1469 595 1506; x_wconf 72' lang='lat' dir='ltr'>extra.</span> <span class='ocrx_word' id='word_1_212' title='bbox 613 1466 795 1505; x_wconf 80' lang='lat' dir='ltr'>secundum</span> <span class='ocrx_word' id='word_1_213' title='bbox 807 1463 1055 1515; x_wconf 84' lang='lat' dir='ltr'>Philosophum</span> <span class='ocrx_word' id='word_1_214' title='bbox 1071 1479 1103 1508; x_wconf 90' lang='lat'>7.</span> <span class='ocrx_word' id='word_1_215' title='bbox 1117 1464 1268 1513; x_wconf 79' lang='lat' dir='ltr'>Metaph.</span> <span class='ocrx_word' id='word_1_216' title='bbox 1280 1475 1381 1515; x_wconf 77' lang='lat' dir='ltr'>cap.5.</span> 
     </span>
     <span class='ocr_line' id='line_1_54' title="bbox 492 1517 1378 1564; baseline -0.002 -10"><span class='ocrx_word' id='word_1_217' title='bbox 492 1524 651 1555; x_wconf 81' lang='lat' dir='ltr'>&amp;tamen</span> <span class='ocrx_word' id='word_1_218' title='bbox 675 1525 799 1554; x_wconf 76' lang='lat' dir='ltr'>domus</span> <span class='ocrx_word' id='word_1_219' title='bbox 814 1520 905 1553; x_wconf 74' lang='lat' dir='ltr'>extra</span> <span class='ocrx_word' id='word_1_220' title='bbox 930 1518 1031 1553; x_wconf 80' lang='lat' dir='ltr'>habet</span> <span class='ocrx_word' id='word_1_221' title='bbox 1056 1520 1168 1552; x_wconf 84' lang='lat' dir='ltr'>verius</span> <span class='ocrx_word' id='word_1_222' title='bbox 1181 1517 1232 1563; x_wconf 77' lang='lat' dir='ltr'>effi</span> <span class='ocrx_word' id='word_1_223' title='bbox 1244 1539 1254 1555; x_wconf 91' lang='lat'><strong>,</strong></span> <span class='ocrx_word' id='word_1_224' title='bbox 1273 1517 1378 1564; x_wconf 70' lang='lat' dir='ltr'>quam</span> 
     </span>
     <span class='ocr_line' id='line_1_55' title="bbox 490 1567 1381 1616; baseline -0.003 -10"><span class='ocrx_word' id='word_1_225' title='bbox 490 1571 613 1606; x_wconf 76' lang='lat' dir='ltr'>doinus</span> <span class='ocrx_word' id='word_1_226' title='bbox 625 1574 659 1604; x_wconf 86' lang='lat' dir='ltr'>in</span> <span class='ocrx_word' id='word_1_227' title='bbox 671 1573 784 1605; x_wconf 86' lang='lat' dir='ltr'>anima</span> <span class='ocrx_word' id='word_1_228' title='bbox 796 1595 806 1610; x_wconf 92' lang='lat'>‚</span> <span class='ocrx_word' id='word_1_229' title='bbox 820 1569 871 1605; x_wconf 72' lang='lat' dir='ltr'>vel</span> <span class='ocrx_word' id='word_1_230' title='bbox 884 1581 918 1603; x_wconf 88' lang='lat' dir='ltr'>in</span> <span class='ocrx_word' id='word_1_231' title='bbox 931 1567 1061 1604; x_wconf 80' lang='lat' dir='ltr'>artifice</span> <span class='ocrx_word' id='word_1_232' title='bbox 1076 1592 1087 1608; x_wconf 83' lang='lat'><strong>,</strong></span> <span class='ocrx_word' id='word_1_233' title='bbox 1098 1580 1179 1616; x_wconf 89' lang='lat' dir='ltr'>quia</span> <span class='ocrx_word' id='word_1_234' title='bbox 1199 1567 1323 1603; x_wconf 82' lang='lat' dir='ltr'>doinus</span> <span class='ocrx_word' id='word_1_235' title='bbox 1345 1572 1381 1603; x_wconf 89' lang='lat' dir='ltr'>in</span> 
     </span>
     <span class='ocr_line' id='line_1_56' title="bbox 490 1616 1381 1667; baseline -0.002 -11"><span class='ocrx_word' id='word_1_236' title='bbox 490 1624 603 1657; x_wconf 84' lang='lat' dir='ltr'>anima</span> <span class='ocrx_word' id='word_1_237' title='bbox 616 1623 660 1657; x_wconf 77' lang='lat' dir='ltr'>est</span> <span class='ocrx_word' id='word_1_238' title='bbox 674 1619 855 1657; x_wconf 71' lang='lat' dir='ltr'>secundum</span> <span class='ocrx_word' id='word_1_239' title='bbox 872 1619 902 1655; x_wconf 89' lang='lat' dir='ltr'>se</span> <span class='ocrx_word' id='word_1_240' title='bbox 915 1621 1100 1658; x_wconf 83' lang='lat' dir='ltr'>diminuta,</span> <span class='ocrx_word' id='word_1_241' title='bbox 1110 1622 1189 1667; x_wconf 77' lang='lat' dir='ltr'>quia</span> <span class='ocrx_word' id='word_1_242' title='bbox 1198 1616 1381 1654; x_wconf 76' lang='lat' dir='ltr'>secundum</span> 
     </span>
     <span class='ocr_line' id='line_1_57' title="bbox 487 1667 1381 1720; baseline -0.001 -12"><span class='ocrx_word' id='word_1_243' title='bbox 487 1673 539 1719; x_wconf 76' lang='lat' dir='ltr'>effi</span> <span class='ocrx_word' id='word_1_244' title='bbox 561 1685 740 1720; x_wconf 81' lang='lat' dir='ltr'>cognitum</span> <span class='ocrx_word' id='word_1_245' title='bbox 766 1671 888 1707; x_wconf 82' lang='lat' dir='ltr'>noiifit</span> <span class='ocrx_word' id='word_1_246' title='bbox 917 1675 950 1704; x_wconf 89' lang='lat' dir='ltr'>in</span> <span class='ocrx_word' id='word_1_247' title='bbox 972 1683 1006 1705; x_wconf 87' lang='lat' dir='ltr'>re</span> <span class='ocrx_word' id='word_1_248' title='bbox 1032 1671 1145 1711; x_wconf 74' lang='lat' dir='ltr'>extra3</span> <span class='ocrx_word' id='word_1_249' title='bbox 1161 1674 1242 1719; x_wconf 79' lang='lat' dir='ltr'>ergo</span> <span class='ocrx_word' id='word_1_250' title='bbox 1260 1667 1381 1707; x_wconf 75' lang='lat' dir='ltr'>falsum</span> 
     </span>
     <span class='ocr_line' id='line_1_58' title="bbox 489 1720 1382 1772; baseline -0.002 -13"><span class='ocrx_word' id='word_1_251' title='bbox 489 1726 534 1759; x_wconf 79' lang='lat' dir='ltr'>est</span> <span class='ocrx_word' id='word_1_252' title='bbox 551 1749 561 1764; x_wconf 89' lang='lat'>‚</span> <span class='ocrx_word' id='word_1_253' title='bbox 575 1724 667 1772; x_wconf 79' lang='lat' dir='ltr'>quod</span> <span class='ocrx_word' id='word_1_254' title='bbox 684 1727 889 1772; x_wconf 82' lang='lat' dir='ltr'>principium</span> <span class='ocrx_word' id='word_1_255' title='bbox 901 1720 1047 1756; x_wconf 81' lang='lat' dir='ltr'>formale</span> <span class='ocrx_word' id='word_1_256' title='bbox 1057 1721 1382 1769; x_wconf 74' lang='lat' dir='ltr'>producendialiud,</span> 
     </span>
     <span class='ocr_line' id='line_1_59' title="bbox 489 1769 1382 1822; baseline -0.002 -12"><span class='ocrx_word' id='word_1_257' title='bbox 489 1788 562 1810; x_wconf 84' lang='lat' dir='ltr'>non</span> <span class='ocrx_word' id='word_1_258' title='bbox 588 1778 699 1822; x_wconf 78' lang='lat' dir='ltr'>potest</span> <span class='ocrx_word' id='word_1_259' title='bbox 714 1778 748 1809; x_wconf 93' lang='lat' dir='ltr'>in</span> <span class='ocrx_word' id='word_1_260' title='bbox 762 1774 853 1809; x_wconf 73' lang='lat' dir='ltr'>aliud</span> <span class='ocrx_word' id='word_1_261' title='bbox 869 1771 1052 1821; x_wconf 73' lang='lat' dir='ltr'>perfeckius</span> <span class='ocrx_word' id='word_1_262' title='bbox 1073 1773 1116 1807; x_wconf 79' lang='lat' dir='ltr'>se.</span> <span class='ocrx_word' id='word_1_263' title='bbox 1138 1774 1167 1807; x_wconf 84' lang='lat' dir='ltr'>A</span> <span class='ocrx_word' id='word_1_264' title='bbox 1187 1769 1283 1807; x_wconf 76' lang='lat' dir='ltr'>finiil:</span> <span class='ocrx_word' id='word_1_265' title='bbox 1297 1784 1382 1822; x_wconf 86' lang='lat' dir='ltr'>ergo</span> 
     </span>
     <span class='ocr_line' id='line_1_60' title="bbox 490 1821 1377 1874; baseline -0.002 -13"><span class='ocrx_word' id='word_1_266' title='bbox 490 1825 726 1862; x_wconf 59' lang='lat' dir='ltr'>intellectione</span> <span class='ocrx_word' id='word_1_267' title='bbox 745 1826 869 1874; x_wconf 87' lang='lat' dir='ltr'>Angeli</span> <span class='ocrx_word' id='word_1_268' title='bbox 892 1824 1002 1873; x_wconf 75' lang='lat' dir='ltr'>‘potest</span> <span class='ocrx_word' id='word_1_269' title='bbox 1013 1825 1154 1872; x_wconf 81' lang='lat' dir='ltr'>produci</span> <span class='ocrx_word' id='word_1_270' title='bbox 1171 1822 1283 1858; x_wconf 81' lang='lat' dir='ltr'>forma</span> <span class='ocrx_word' id='word_1_271' title='bbox 1301 1821 1377 1859; x_wconf 88' lang='lat' dir='ltr'>sub-</span> 
     </span>
     <span class='ocr_line' id='line_1_61' title="bbox 490 1874 1347 1922; baseline -0.001 -10"><span class='ocrx_word' id='word_1_272' title='bbox 490 1874 797 1918; x_wconf 83' lang='lat' dir='ltr'>stantialis‚etiainii</span> <span class='ocrx_word' id='word_1_273' title='bbox 812 1874 1002 1911; x_wconf 66' lang='lat' dir='ltr'>intelle-&amp;io</span> <span class='ocrx_word' id='word_1_274' title='bbox 1018 1886 1162 1922; x_wconf 87' lang='lat' dir='ltr'>ponatur</span> <span class='ocrx_word' id='word_1_275' title='bbox 1177 1874 1347 1911; x_wconf 81' lang='lat' dir='ltr'>accidens.</span> 
     </span>
    </p>

    <p class='ocr_par' dir='ltr' id='par_1_10' title="bbox 490 1923 1384 3102">
     <span class='ocr_line' id='line_1_62' title="bbox 539 1923 1382 1977; baseline -0.004 -14"><span class='ocrx_word' id='word_1_276' title='bbox 539 1926 748 1977; x_wconf 85' lang='lat' dir='ltr'>Respondeo</span> <span class='ocrx_word' id='word_1_277' title='bbox 762 1953 772 1968; x_wconf 86' lang='lat'><em>,</em></span> <span class='ocrx_word' id='word_1_278' title='bbox 782 1928 874 1976; x_wconf 67' lang='lat' dir='ltr'>quod</span> <span class='ocrx_word' id='word_1_279' title='bbox 886 1927 978 1962; x_wconf 90' lang='lat' dir='ltr'>aliud</span> <span class='ocrx_word' id='word_1_280' title='bbox 990 1926 1036 1962; x_wconf 84' lang='lat' dir='ltr'>cst</span> <span class='ocrx_word' id='word_1_281' title='bbox 1051 1925 1182 1973; x_wconf 85' lang='lat' dir='ltr'>aliquid</span> <span class='ocrx_word' id='word_1_282' title='bbox 1195 1923 1258 1960; x_wconf 81' lang='lat' dir='ltr'>effe</span> <span class='ocrx_word' id='word_1_283' title='bbox 1271 1929 1382 1961; x_wconf 87' lang='lat' dir='ltr'>verius</span> 
     </span>
     <span class='ocr_line' id='line_1_63' title="bbox 492 1976 1382 2027; baseline 0.002 -16"><span class='ocrx_word' id='word_1_284' title='bbox 492 1977 607 2021; x_wconf 76' lang='lat' dir='ltr'>tale,&amp;</span> <span class='ocrx_word' id='word_1_285' title='bbox 624 1977 686 2015; x_wconf 77' lang='lat' dir='ltr'>eise</span> <span class='ocrx_word' id='word_1_286' title='bbox 697 1983 808 2015; x_wconf 79' lang='lat' dir='ltr'>verius</span> <span class='ocrx_word' id='word_1_287' title='bbox 821 1977 1030 2027; x_wconf 83' lang='lat' dir='ltr'>simpliciter,</span> <span class='ocrx_word' id='word_1_288' title='bbox 1043 1981 1078 2013; x_wconf 75' lang='grc' dir='ltr'>δε</span> <span class='ocrx_word' id='word_1_289' title='bbox 1094 1988 1167 2011; x_wconf 90' lang='lat' dir='ltr'>non</span> <span class='ocrx_word' id='word_1_290' title='bbox 1179 1989 1290 2012; x_wconf 86' lang='lat' dir='ltr'>verius</span> <span class='ocrx_word' id='word_1_291' title='bbox 1304 1976 1382 2013; x_wconf 83' lang='lat' dir='ltr'>tale.</span> 
     </span>
     <span class='ocr_line' id='line_1_64' title="bbox 492 2027 1378 2080; baseline -0.002 -15"><span class='ocrx_word' id='word_1_292' title='bbox 492 2030 692 2080; x_wconf 82' lang='lat' dir='ltr'>Exemplum</span> <span class='ocrx_word' id='word_1_293' title='bbox 706 2055 717 2070; x_wconf 91' lang='lat'>,</span> <span class='ocrx_word' id='word_1_294' title='bbox 730 2031 814 2079; x_wconf 81' lang='lat' dir='ltr'>lapis</span> <span class='ocrx_word' id='word_1_295' title='bbox 825 2042 917 2064; x_wconf 64' lang='lat' dir='ltr'>enini</span> <span class='ocrx_word' id='word_1_296' title='bbox 932 2027 1034 2063; x_wconf 82' lang='lat' dir='ltr'>habet</span> <span class='ocrx_word' id='word_1_297' title='bbox 1046 2027 1219 2074; x_wconf 78' lang='lat' dir='ltr'>veriuseffi</span> <span class='ocrx_word' id='word_1_298' title='bbox 1231 2031 1267 2062; x_wconf 91' lang='lat' dir='ltr'>in</span> <span class='ocrx_word' id='word_1_299' title='bbox 1280 2039 1378 2063; x_wconf 91' lang='lat' dir='ltr'>men-</span> 
     </span>
     <span class='ocr_line' id='line_1_65' title="bbox 492 2077 1382 2130; baseline -0.001 -15"><span class='ocrx_word' id='word_1_300' title='bbox 492 2093 525 2116; x_wconf 87' lang='lat' dir='ltr'>te</span> <span class='ocrx_word' id='word_1_301' title='bbox 550 2082 668 2117; x_wconf 87' lang='lat' dir='ltr'>diuina</span> <span class='ocrx_word' id='word_1_302' title='bbox 682 2107 692 2123; x_wconf 89' lang='lat'>‚</span> <span class='ocrx_word' id='word_1_303' title='bbox 708 2085 787 2130; x_wconf 82' lang='lat' dir='ltr'>quia</span> <span class='ocrx_word' id='word_1_304' title='bbox 812 2079 965 2116; x_wconf 87' lang='lat' dir='ltr'>nobilius</span> <span class='ocrx_word' id='word_1_305' title='bbox 977 2105 986 2122; x_wconf 94' lang='lat'><em>‚</em></span> <span class='ocrx_word' id='word_1_306' title='bbox 1000 2083 1035 2116; x_wconf 76' lang='grc' dir='ltr'>δι</span> <span class='ocrx_word' id='word_1_307' title='bbox 1058 2077 1239 2127; x_wconf 70' lang='lat' dir='ltr'>perfestius</span> <span class='ocrx_word' id='word_1_308' title='bbox 1256 2103 1266 2119; x_wconf 86' lang='lat'><strong>,</strong></span> <span class='ocrx_word' id='word_1_309' title='bbox 1279 2078 1382 2127; x_wconf 67' lang='lat' dir='ltr'>quam</span> 
     </span>
     <span class='ocr_line' id='line_1_66' title="bbox 493 2129 1381 2181; baseline -0.002 -14"><span class='ocrx_word' id='word_1_310' title='bbox 493 2134 528 2167; x_wconf 88' lang='lat' dir='ltr'>in</span> <span class='ocrx_word' id='word_1_311' title='bbox 539 2146 573 2168; x_wconf 89' lang='lat' dir='ltr'>re</span> <span class='ocrx_word' id='word_1_312' title='bbox 586 2135 678 2169; x_wconf 70' lang='lat' dir='ltr'>exira</span> <span class='ocrx_word' id='word_1_313' title='bbox 690 2158 701 2173; x_wconf 95' lang='lat'>‚</span> <span class='ocrx_word' id='word_1_314' title='bbox 716 2145 794 2181; x_wconf 79' lang='lat' dir='ltr'>quia</span> <span class='ocrx_word' id='word_1_315' title='bbox 808 2132 854 2167; x_wconf 88' lang='lat' dir='ltr'>ibi</span> <span class='ocrx_word' id='word_1_316' title='bbox 867 2130 922 2175; x_wconf 78' lang='lat' dir='ltr'>effe</span> <span class='ocrx_word' id='word_1_317' title='bbox 932 2130 1035 2165; x_wconf 82' lang='lat' dir='ltr'>habet</span> <span class='ocrx_word' id='word_1_318' title='bbox 1049 2129 1260 2164; x_wconf 63' lang='lat' dir='ltr'>intellectum</span> <span class='ocrx_word' id='word_1_319' title='bbox 1273 2134 1307 2166; x_wconf 71' lang='grc' dir='ltr'>ὅ(</span> <span class='ocrx_word' id='word_1_320' title='bbox 1320 2143 1381 2165; x_wconf 88' lang='lat' dir='ltr'>co-</span> 
     </span>
     <span class='ocr_line' id='line_1_67' title="bbox 492 2177 1382 2232; baseline -0.003 -14"><span class='ocrx_word' id='word_1_321' title='bbox 492 2188 627 2232; x_wconf 75' lang='lat' dir='ltr'>gnitum</span> <span class='ocrx_word' id='word_1_322' title='bbox 640 2199 650 2227; x_wconf 83' lang='lat'>3</span> <span class='ocrx_word' id='word_1_323' title='bbox 668 2195 860 2219; x_wconf 84' lang='lat' dir='ltr'>nontamen</span> <span class='ocrx_word' id='word_1_324' title='bbox 873 2181 974 2229; x_wconf 76' lang='lat' dir='ltr'>habet</span> <span class='ocrx_word' id='word_1_325' title='bbox 985 2181 1033 2216; x_wconf 87' lang='lat' dir='ltr'>ibi</span> <span class='ocrx_word' id='word_1_326' title='bbox 1045 2181 1097 2227; x_wconf 77' lang='lat' dir='ltr'>effi</span> <span class='ocrx_word' id='word_1_327' title='bbox 1111 2185 1221 2215; x_wconf 87' lang='lat' dir='ltr'>verius</span> <span class='ocrx_word' id='word_1_328' title='bbox 1235 2177 1282 2215; x_wconf 90' lang='lat' dir='ltr'>sui</span> <span class='ocrx_word' id='word_1_329' title='bbox 1302 2204 1313 2219; x_wconf 86' lang='lat'>,</span> <span class='ocrx_word' id='word_1_330' title='bbox 1328 2180 1382 2215; x_wconf 90' lang='lat' dir='ltr'>vel</span> 
     </span>
     <span class='ocr_line' id='line_1_68' title="bbox 490 2231 1381 2284; baseline -0.004 -13"><span class='ocrx_word' id='word_1_331' title='bbox 490 2234 672 2284; x_wconf 73' lang='lat' dir='ltr'>effelapidis</span> <span class='ocrx_word' id='word_1_332' title='bbox 686 2260 696 2275; x_wconf 94' lang='lat'>,</span> <span class='ocrx_word' id='word_1_333' title='bbox 711 2244 812 2284; x_wconf 84' lang='lat' dir='ltr'>quain</span> <span class='ocrx_word' id='word_1_334' title='bbox 830 2235 914 2281; x_wconf 75' lang='lat' dir='ltr'>lapis</span> <span class='ocrx_word' id='word_1_335' title='bbox 929 2244 1034 2268; x_wconf 84' lang='lat' dir='ltr'>extra.</span> <span class='ocrx_word' id='word_1_336' title='bbox 1060 2231 1168 2266; x_wconf 62' lang='lat' dir='ltr'>Aliter</span> <span class='ocrx_word' id='word_1_337' title='bbox 1181 2233 1272 2265; x_wconf 86' lang='lat' dir='ltr'>enim</span> <span class='ocrx_word' id='word_1_338' title='bbox 1287 2232 1381 2267; x_wconf 85' lang='lat' dir='ltr'>Deus</span> 
     </span>
     <span class='ocr_line' id='line_1_69' title="bbox 490 2281 1380 2334; baseline -0.004 -13"><span class='ocrx_word' id='word_1_339' title='bbox 490 2299 602 2322; x_wconf 81' lang='lat' dir='ltr'>verius</span> <span class='ocrx_word' id='word_1_340' title='bbox 625 2284 703 2322; x_wconf 66' lang='lat' dir='ltr'>esset</span> <span class='ocrx_word' id='word_1_341' title='bbox 729 2288 815 2334; x_wconf 78' lang='lat' dir='ltr'>lapis</span> <span class='ocrx_word' id='word_1_342' title='bbox 839 2283 1020 2320; x_wconf 74' lang='lat' dir='ltr'>secundum</span> <span class='ocrx_word' id='word_1_343' title='bbox 1043 2282 1095 2329; x_wconf 78' lang='lat' dir='ltr'>effi</span> <span class='ocrx_word' id='word_1_344' title='bbox 1125 2281 1248 2331; x_wconf 82' lang='lat' dir='ltr'>lapidis</span> <span class='ocrx_word' id='word_1_345' title='bbox 1275 2282 1380 2322; x_wconf 71' lang='lat' dir='ltr'>extra,</span> 
     </span>
     <span class='ocr_line' id='line_1_70' title="bbox 492 2334 1381 2386; baseline -0.007 -13"><span class='ocrx_word' id='word_1_346' title='bbox 492 2340 573 2385; x_wconf 89' lang='lat' dir='ltr'>quia</span> <span class='ocrx_word' id='word_1_347' title='bbox 599 2339 767 2386; x_wconf 85' lang='lat' dir='ltr'>quicquid</span> <span class='ocrx_word' id='word_1_348' title='bbox 793 2337 839 2372; x_wconf 89' lang='lat' dir='ltr'>est</span> <span class='ocrx_word' id='word_1_349' title='bbox 864 2349 899 2370; x_wconf 86' lang='lat' dir='ltr'>iu</span> <span class='ocrx_word' id='word_1_350' title='bbox 933 2337 1008 2370; x_wconf 88' lang='lat' dir='ltr'>Deo</span> <span class='ocrx_word' id='word_1_351' title='bbox 1039 2334 1086 2369; x_wconf 82' lang='lat' dir='ltr'>est</span> <span class='ocrx_word' id='word_1_352' title='bbox 1107 2335 1213 2369; x_wconf 84' lang='lat' dir='ltr'>Deus.</span> <span class='ocrx_word' id='word_1_353' title='bbox 1249 2334 1381 2368; x_wconf 80' lang='lat' dir='ltr'>Eodem</span> 
     </span>
     <span class='ocr_line' id='line_1_71' title="bbox 493 2384 1381 2435; baseline -0.002 -13"><span class='ocrx_word' id='word_1_354' title='bbox 493 2388 599 2423; x_wconf 87' lang='lat' dir='ltr'>modo</span> <span class='ocrx_word' id='word_1_355' title='bbox 621 2388 814 2425; x_wconf 57' lang='lat' dir='ltr'>intellectio</span> <span class='ocrx_word' id='word_1_356' title='bbox 834 2387 958 2421; x_wconf 85' lang='lat' dir='ltr'>domus</span> <span class='ocrx_word' id='word_1_357' title='bbox 982 2410 994 2426; x_wconf 88' lang='lat'><strong>,</strong></span> <span class='ocrx_word' id='word_1_358' title='bbox 1019 2397 1093 2435; x_wconf 86' lang='lat' dir='ltr'>quae</span> <span class='ocrx_word' id='word_1_359' title='bbox 1115 2384 1161 2419; x_wconf 90' lang='lat' dir='ltr'>est</span> <span class='ocrx_word' id='word_1_360' title='bbox 1189 2384 1313 2420; x_wconf 82' lang='lat' dir='ltr'>domus</span> <span class='ocrx_word' id='word_1_361' title='bbox 1344 2386 1381 2420; x_wconf 84' lang='lat' dir='ltr'>in</span> 
     </span>
     <span class='ocr_line' id='line_1_72' title="bbox 494 2433 1380 2487; baseline -0.005 -14"><span class='ocrx_word' id='word_1_362' title='bbox 494 2451 630 2480; x_wconf 80' lang='lat' dir='ltr'>niente,</span> <span class='ocrx_word' id='word_1_363' title='bbox 652 2437 834 2475; x_wconf 75' lang='lat' dir='ltr'>secundum</span> <span class='ocrx_word' id='word_1_364' title='bbox 849 2450 951 2487; x_wconf 77' lang='lat' dir='ltr'>quain</span> <span class='ocrx_word' id='word_1_365' title='bbox 978 2435 1015 2472; x_wconf 84' lang='lat' dir='ltr'>fir</span> <span class='ocrx_word' id='word_1_366' title='bbox 1038 2436 1162 2471; x_wconf 86' lang='lat' dir='ltr'>domus</span> <span class='ocrx_word' id='word_1_367' title='bbox 1182 2435 1275 2470; x_wconf 71' lang='lat' dir='ltr'>extra</span> <span class='ocrx_word' id='word_1_368' title='bbox 1293 2458 1304 2475; x_wconf 89' lang='lat'><strong>,</strong></span> <span class='ocrx_word' id='word_1_369' title='bbox 1324 2433 1380 2470; x_wconf 92' lang='lat' dir='ltr'>ha-</span> 
     </span>
     <span class='ocr_line' id='line_1_73' title="bbox 493 2486 1380 2540; baseline -0.006 -15"><span class='ocrx_word' id='word_1_370' title='bbox 493 2488 550 2526; x_wconf 87' lang='lat' dir='ltr'>bet</span> <span class='ocrx_word' id='word_1_371' title='bbox 563 2491 617 2537; x_wconf 68' lang='lat' dir='ltr'><em>ff</em></span> <span class='ocrx_word' id='word_1_372' title='bbox 628 2488 940 2540; x_wconf 69' lang='lat' dir='ltr'>verius,pcrfeciius</span> <span class='ocrx_word' id='word_1_373' title='bbox 954 2492 989 2524; x_wconf 76' lang='grc' dir='ltr'>δε</span> <span class='ocrx_word' id='word_1_374' title='bbox 1012 2486 1166 2522; x_wconf 85' lang='lat' dir='ltr'>nobilius</span> <span class='ocrx_word' id='word_1_375' title='bbox 1181 2510 1191 2526; x_wconf 91' lang='lat'>,</span> <span class='ocrx_word' id='word_1_376' title='bbox 1202 2486 1304 2534; x_wconf 73' lang='lat' dir='ltr'>quam</span> <span class='ocrx_word' id='word_1_377' title='bbox 1317 2486 1380 2521; x_wconf 84' lang='lat' dir='ltr'>do·</span> 
     </span>
     <span class='ocr_line' id='line_1_74' title="bbox 492 2537 1381 2590; baseline -0.011 -13"><span class='ocrx_word' id='word_1_378' title='bbox 492 2553 567 2577; x_wconf 76' lang='lat' dir='ltr'>mus</span> <span class='ocrx_word' id='word_1_379' title='bbox 588 2543 680 2577; x_wconf 73' lang='lat' dir='ltr'>extra</span> <span class='ocrx_word' id='word_1_380' title='bbox 696 2545 792 2590; x_wconf 76' lang='lat' dir='ltr'>,quia</span> <span class='ocrx_word' id='word_1_381' title='bbox 804 2541 849 2575; x_wconf 85' lang='lat' dir='ltr'>est</span> <span class='ocrx_word' id='word_1_382' title='bbox 859 2538 971 2575; x_wconf 85' lang='lat' dir='ltr'>forma</span> <span class='ocrx_word' id='word_1_383' title='bbox 991 2537 1232 2573; x_wconf 63' lang='lat' dir='ltr'>intellee‘tualis</span> <span class='ocrx_word' id='word_1_384' title='bbox 1245 2561 1254 2576; x_wconf 91' lang='lat'><strong>,</strong></span> <span class='ocrx_word' id='word_1_385' title='bbox 1266 2541 1300 2573; x_wconf 91' lang='lat'>&amp;</span> <span class='ocrx_word' id='word_1_386' title='bbox 1315 2539 1381 2572; x_wconf 72' lang='lat' dir='ltr'>im-</span> 
     </span>
     <span class='ocr_line' id='line_1_75' title="bbox 491 2586 1377 2640; baseline -0.007 -12"><span class='ocrx_word' id='word_1_387' title='bbox 491 2593 675 2628; x_wconf 80' lang='lat' dir='ltr'>materialis</span> <span class='ocrx_word' id='word_1_388' title='bbox 687 2618 698 2634; x_wconf 90' lang='lat'><strong><em>,</em></strong></span> <span class='ocrx_word' id='word_1_389' title='bbox 711 2597 744 2630; x_wconf 75' lang='grc' dir='ltr'>δε</span> <span class='ocrx_word' id='word_1_390' title='bbox 760 2604 795 2627; x_wconf 87' lang='lat' dir='ltr'>vt·</span> <span class='ocrx_word' id='word_1_391' title='bbox 809 2590 850 2627; x_wconf 82' lang='lat' dir='ltr'>fic</span> <span class='ocrx_word' id='word_1_392' title='bbox 869 2591 978 2640; x_wconf 80' lang='lat' dir='ltr'>potest</span> <span class='ocrx_word' id='word_1_393' title='bbox 991 2586 1054 2626; x_wconf 78' lang='lat' dir='ltr'>eise</span> <span class='ocrx_word' id='word_1_394' title='bbox 1076 2592 1282 2638; x_wconf 84' lang='lat' dir='ltr'>principium</span> <span class='ocrx_word' id='word_1_395' title='bbox 1297 2600 1377 2636; x_wconf 91' lang='lat' dir='ltr'>pro-</span> 
     </span>
     <span class='ocr_line' id='line_1_76' title="bbox 491 2640 1382 2690; baseline -0.002 -13"><span class='ocrx_word' id='word_1_396' title='bbox 491 2645 637 2679; x_wconf 85' lang='lat' dir='ltr'>ducendi</span> <span class='ocrx_word' id='word_1_397' title='bbox 650 2645 790 2679; x_wconf 85' lang='lat' dir='ltr'>domum</span> <span class='ocrx_word' id='word_1_398' title='bbox 804 2644 908 2682; x_wconf 61' lang='lat' dir='ltr'>extra,</span> <span class='ocrx_word' id='word_1_399' title='bbox 918 2643 1076 2690; x_wconf 82' lang='lat' dir='ltr'>quamuis</span> <span class='ocrx_word' id='word_1_400' title='bbox 1088 2640 1210 2675; x_wconf 84' lang='lat' dir='ltr'>domus</span> <span class='ocrx_word' id='word_1_401' title='bbox 1222 2640 1314 2676; x_wconf 71' lang='lat' dir='ltr'>extra</span> <span class='ocrx_word' id='word_1_402' title='bbox 1324 2652 1382 2675; x_wconf 85' lang='lat' dir='ltr'>ve-</span> 
     </span>
     <span class='ocr_line' id='line_1_77' title="bbox 491 2690 1382 2742; baseline -0.004 -12"><span class='ocrx_word' id='word_1_403' title='bbox 491 2698 560 2730; x_wconf 81' lang='lat' dir='ltr'>ritis</span> <span class='ocrx_word' id='word_1_404' title='bbox 581 2693 683 2731; x_wconf 81' lang='lat' dir='ltr'>habet</span> <span class='ocrx_word' id='word_1_405' title='bbox 705 2695 756 2742; x_wconf 78' lang='lat' dir='ltr'>effi</span> <span class='ocrx_word' id='word_1_406' title='bbox 776 2693 822 2730; x_wconf 90' lang='lat' dir='ltr'>sui</span> <span class='ocrx_word' id='word_1_407' title='bbox 836 2693 910 2734; x_wconf 82' lang='lat' dir='ltr'>,vel</span> <span class='ocrx_word' id='word_1_408' title='bbox 929 2692 982 2738; x_wconf 82' lang='lat' dir='ltr'>effi·</span> <span class='ocrx_word' id='word_1_409' title='bbox 1004 2692 1128 2728; x_wconf 86' lang='lat' dir='ltr'>domus</span> <span class='ocrx_word' id='word_1_410' title='bbox 1144 2715 1154 2731; x_wconf 89' lang='lat'><strong>,</strong></span> <span class='ocrx_word' id='word_1_411' title='bbox 1176 2691 1315 2739; x_wconf 89' lang='lat' dir='ltr'>quando</span> <span class='ocrx_word' id='word_1_412' title='bbox 1335 2690 1382 2726; x_wconf 86' lang='lat' dir='ltr'>cst</span> 
     </span>
     <span class='ocr_line' id='line_1_78' title="bbox 492 2741 1379 2794; baseline -0.005 -13"><span class='ocrx_word' id='word_1_413' title='bbox 492 2746 584 2782; x_wconf 74' lang='lat' dir='ltr'>extra</span> <span class='ocrx_word' id='word_1_414' title='bbox 597 2770 606 2786; x_wconf 91' lang='lat'>,</span> <span class='ocrx_word' id='word_1_415' title='bbox 617 2747 718 2794; x_wconf 67' lang='lat' dir='ltr'>quam</span> <span class='ocrx_word' id='word_1_416' title='bbox 729 2747 853 2781; x_wconf 86' lang='lat' dir='ltr'>domus</span> <span class='ocrx_word' id='word_1_417' title='bbox 873 2755 909 2779; x_wconf 91' lang='lat' dir='ltr'>vt</span> <span class='ocrx_word' id='word_1_418' title='bbox 934 2747 1075 2792; x_wconf 84' lang='lat' dir='ltr'>cognita</span> <span class='ocrx_word' id='word_1_419' title='bbox 1087 2767 1098 2783; x_wconf 92' lang='lat'><strong>,</strong></span> <span class='ocrx_word' id='word_1_420' title='bbox 1113 2741 1166 2778; x_wconf 85' lang='lat' dir='ltr'>vel</span> <span class='ocrx_word' id='word_1_421' title='bbox 1188 2753 1222 2777; x_wconf 84' lang='lat' dir='ltr'>vt</span> <span class='ocrx_word' id='word_1_422' title='bbox 1233 2745 1268 2776; x_wconf 91' lang='lat' dir='ltr'>in</span> <span class='ocrx_word' id='word_1_423' title='bbox 1281 2753 1379 2777; x_wconf 85' lang='lat' dir='ltr'>men-</span> 
     </span>
     <span class='ocr_line' id='line_1_79' title="bbox 493 2791 1382 2842; baseline -0.006 -10"><span class='ocrx_word' id='word_1_424' title='bbox 493 2808 528 2832; x_wconf 90' lang='lat' dir='ltr'>te</span> <span class='ocrx_word' id='word_1_425' title='bbox 540 2812 548 2836; x_wconf 78' lang='lat'><strong>;</strong></span> <span class='ocrx_word' id='word_1_426' title='bbox 560 2797 683 2833; x_wconf 84' lang='lat' dir='ltr'>doinus</span> <span class='ocrx_word' id='word_1_427' title='bbox 698 2809 811 2833; x_wconf 85' lang='lat' dir='ltr'>tanien</span> <span class='ocrx_word' id='word_1_428' title='bbox 832 2799 868 2831; x_wconf 88' lang='lat' dir='ltr'>iu</span> <span class='ocrx_word' id='word_1_429' title='bbox 889 2806 1004 2830; x_wconf 87' lang='lat' dir='ltr'>mente</span> <span class='ocrx_word' id='word_1_430' title='bbox 1019 2792 1216 2842; x_wconf 77' lang='lat' dir='ltr'>simpliciter</span> <span class='ocrx_word' id='word_1_431' title='bbox 1230 2791 1382 2828; x_wconf 74' lang='lat' dir='ltr'>nobilius</span> 
     </span>
     <span class='ocr_line' id='line_1_80' title="bbox 491 2841 1383 2896; baseline -0.003 -14"><span class='ocrx_word' id='word_1_432' title='bbox 491 2848 542 2895; x_wconf 84' lang='lat' dir='ltr'>effe</span> <span class='ocrx_word' id='word_1_433' title='bbox 568 2848 669 2884; x_wconf 68' lang='lat' dir='ltr'>habet</span> <span class='ocrx_word' id='word_1_434' title='bbox 683 2852 719 2884; x_wconf 87' lang='lat' dir='ltr'>in</span> <span class='ocrx_word' id='word_1_435' title='bbox 740 2846 989 2896; x_wconf 70' lang='lat' dir='ltr'>menre‚quain</span> <span class='ocrx_word' id='word_1_436' title='bbox 1010 2845 1121 2884; x_wconf 72' lang='lat' dir='ltr'>extra,</span> <span class='ocrx_word' id='word_1_437' title='bbox 1137 2849 1172 2881; x_wconf 70' lang='grc' dir='ltr'>ὃς</span> <span class='ocrx_word' id='word_1_438' title='bbox 1196 2843 1274 2879; x_wconf 72' lang='lat' dir='ltr'>ideo</span> <span class='ocrx_word' id='word_1_439' title='bbox 1289 2856 1324 2879; x_wconf 90' lang='lat' dir='ltr'>vt</span> <span class='ocrx_word' id='word_1_440' title='bbox 1339 2841 1383 2879; x_wconf 85' lang='lat' dir='ltr'>fic</span> 
     </span>
     <span class='ocr_line' id='line_1_81' title="bbox 493 2893 1384 2948; baseline -0.004 -14"><span class='ocrx_word' id='word_1_441' title='bbox 493 2900 604 2947; x_wconf 85' lang='lat' dir='ltr'>potest</span> <span class='ocrx_word' id='word_1_442' title='bbox 630 2899 694 2936; x_wconf 81' lang='lat' dir='ltr'>esse</span> <span class='ocrx_word' id='word_1_443' title='bbox 715 2901 921 2948; x_wconf 80' lang='lat' dir='ltr'>principium</span> <span class='ocrx_word' id='word_1_444' title='bbox 948 2895 1161 2945; x_wconf 84' lang='lat' dir='ltr'>producendi</span> <span class='ocrx_word' id='word_1_445' title='bbox 1182 2893 1299 2944; x_wconf 85' lang='lat' dir='ltr'>ipsam.</span> <span class='ocrx_word' id='word_1_446' title='bbox 1327 2895 1384 2930; x_wconf 86' lang='lat' dir='ltr'>Sic</span> 
     </span>
     <span class='ocr_line' id='line_1_82' title="bbox 493 2945 1382 2999; baseline -0.009 -13"><span class='ocrx_word' id='word_1_447' title='bbox 493 2963 576 2999; x_wconf 86' lang='lat' dir='ltr'>ergo</span> <span class='ocrx_word' id='word_1_448' title='bbox 588 2963 678 2999; x_wconf 83' lang='lat' dir='ltr'>patet</span> <span class='ocrx_word' id='word_1_449' title='bbox 699 2952 741 2986; x_wconf 92' lang='lat' dir='ltr'>de</span> <span class='ocrx_word' id='word_1_450' title='bbox 764 2950 887 2985; x_wconf 77' lang='lat' dir='ltr'>formis</span> <span class='ocrx_word' id='word_1_451' title='bbox 900 2945 1130 2998; x_wconf 84' lang='lat' dir='ltr'>spiritualibus</span> <span class='ocrx_word' id='word_1_452' title='bbox 1143 2970 1154 2987; x_wconf 91' lang='lat'><strong>,</strong></span> <span class='ocrx_word' id='word_1_453' title='bbox 1165 2958 1201 2980; x_wconf 83' lang='lat' dir='ltr'>vt</span> <span class='ocrx_word' id='word_1_454' title='bbox 1225 2948 1336 2982; x_wconf 88' lang='lat' dir='ltr'>anima</span> <span class='ocrx_word' id='word_1_455' title='bbox 1347 2950 1382 2982; x_wconf 66' lang='grc' dir='ltr'>ὅ(</span> 
     </span>
     <span class='ocr_line' id='line_1_83' title="bbox 492 2996 1380 3050; baseline -0.006 -14"><span class='ocrx_word' id='word_1_456' title='bbox 492 3001 758 3050; x_wconf 64' lang='lat' dir='ltr'>Angelmquod</span> <span class='ocrx_word' id='word_1_457' title='bbox 782 3000 908 3036; x_wconf 82' lang='lat' dir='ltr'>scilicet</span> <span class='ocrx_word' id='word_1_458' title='bbox 929 3011 998 3034; x_wconf 84' lang='lat' dir='ltr'>nou</span> <span class='ocrx_word' id='word_1_459' title='bbox 1024 2996 1159 3045; x_wconf 75' lang='lat' dir='ltr'>possunt</span> <span class='ocrx_word' id='word_1_460' title='bbox 1178 3009 1290 3033; x_wconf 82' lang='lat' dir='ltr'>creare</span> <span class='ocrx_word' id='word_1_461' title='bbox 1313 2996 1380 3032; x_wconf 90' lang='lat' dir='ltr'>ali-</span> 
     </span>
     <span class='ocr_line' id='line_1_84' title="bbox 493 3049 1031 3102; baseline -0.007 -14"><span class='ocrx_word' id='word_1_462' title='bbox 493 3066 595 3102; x_wconf 85' lang='lat' dir='ltr'>quam</span> <span class='ocrx_word' id='word_1_463' title='bbox 611 3052 758 3088; x_wconf 75' lang='lat' dir='ltr'>formam</span> <span class='ocrx_word' id='word_1_464' title='bbox 770 3049 1031 3088; x_wconf 82' lang='lat' dir='ltr'>substantialem.</span> 
     </span>
    </p>

    <p class='ocr_par' dir='ltr' id='par_1_11' title="bbox 489 3094 1384 3765">
     <span class='ocr_line' id='line_1_85' title="bbox 545 3094 1382 3150; baseline -0.007 -11"><span class='ocrx_word' id='word_1_465' title='bbox 545 3107 597 3139; x_wconf 86' lang='lat' dir='ltr'>De</span> <span class='ocrx_word' id='word_1_466' title='bbox 611 3103 732 3139; x_wconf 78' lang='lat' dir='ltr'>formis</span> <span class='ocrx_word' id='word_1_467' title='bbox 745 3116 856 3139; x_wconf 82' lang='lat' dir='ltr'>autem</span> <span class='ocrx_word' id='word_1_468' title='bbox 882 3099 1118 3150; x_wconf 62' lang='lat' dir='ltr'>corporalibus</span> <span class='ocrx_word' id='word_1_469' title='bbox 1129 3126 1139 3141; x_wconf 89' lang='lat'>‚</span> <span class='ocrx_word' id='word_1_470' title='bbox 1152 3098 1232 3135; x_wconf 84' lang='lat' dir='ltr'>dico</span> <span class='ocrx_word' id='word_1_471' title='bbox 1244 3097 1337 3147; x_wconf 68' lang='lat' dir='ltr'>quod</span> <span class='ocrx_word' id='word_1_472' title='bbox 1360 3094 1382 3133; x_wconf 85' lang='lat' dir='ltr'>fi</span> 
     </span>
     <span class='ocr_line' id='line_1_86' title="bbox 495 3148 1383 3195; baseline -0.006 -7"><span class='ocrx_word' id='word_1_473' title='bbox 495 3158 634 3190; x_wconf 75' lang='lat' dir='ltr'>materia</span> <span class='ocrx_word' id='word_1_474' title='bbox 648 3181 656 3195; x_wconf 91' lang='lat'>‚</span> <span class='ocrx_word' id='word_1_475' title='bbox 671 3160 704 3191; x_wconf 63' lang='grc' dir='ltr'>δε</span> <span class='ocrx_word' id='word_1_476' title='bbox 727 3154 839 3189; x_wconf 86' lang='lat' dir='ltr'>forma</span> <span class='ocrx_word' id='word_1_477' title='bbox 856 3166 927 3189; x_wconf 90' lang='lat' dir='ltr'>non</span> <span class='ocrx_word' id='word_1_478' title='bbox 953 3150 1131 3188; x_wconf 83' lang='lat' dir='ltr'>differrent</span> <span class='ocrx_word' id='word_1_479' title='bbox 1155 3150 1289 3185; x_wconf 81' lang='lat' dir='ltr'>realiter</span> <span class='ocrx_word' id='word_1_480' title='bbox 1302 3173 1312 3189; x_wconf 91' lang='lat'><strong>,</strong></span> <span class='ocrx_word' id='word_1_481' title='bbox 1329 3148 1383 3184; x_wconf 89' lang='lat' dir='ltr'>sed</span> 
     </span>
     <span class='ocr_line' id='line_1_87' title="bbox 494 3199 1383 3245; baseline -0.008 -3"><span class='ocrx_word' id='word_1_482' title='bbox 494 3205 596 3242; x_wconf 74' lang='lat' dir='ltr'>essent</span> <span class='ocrx_word' id='word_1_483' title='bbox 609 3220 675 3241; x_wconf 80' lang='lat' dir='ltr'>vna</span> <span class='ocrx_word' id='word_1_484' title='bbox 691 3204 838 3245; x_wconf 73' lang='lat' dir='ltr'>essentia,</span> <span class='ocrx_word' id='word_1_485' title='bbox 849 3205 983 3239; x_wconf 84' lang='lat' dir='ltr'>videtur</span> <span class='ocrx_word' id='word_1_486' title='bbox 996 3200 1177 3238; x_wconf 76' lang='lat' dir='ltr'>necessario</span> <span class='ocrx_word' id='word_1_487' title='bbox 1189 3199 1253 3236; x_wconf 81' lang='lat' dir='ltr'>else</span> <span class='ocrx_word' id='word_1_488' title='bbox 1271 3201 1383 3236; x_wconf 88' lang='lat' dir='ltr'>dicen-</span> 
     </span>
     <span class='ocr_line' id='line_1_88' title="bbox 495 3252 1380 3306; baseline -0.01 -12"><span class='ocrx_word' id='word_1_489' title='bbox 495 3258 575 3293; x_wconf 88' lang='lat' dir='ltr'>dum</span> <span class='ocrx_word' id='word_1_490' title='bbox 594 3258 687 3306; x_wconf 72' lang='lat' dir='ltr'>quod</span> <span class='ocrx_word' id='word_1_491' title='bbox 699 3270 801 3306; x_wconf 66' lang='lat' dir='ltr'>agens</span> <span class='ocrx_word' id='word_1_492' title='bbox 814 3255 966 3291; x_wconf 67' lang='lat' dir='ltr'>naturale</span> <span class='ocrx_word' id='word_1_493' title='bbox 978 3252 1084 3302; x_wconf 80' lang='lat' dir='ltr'>posset</span> <span class='ocrx_word' id='word_1_494' title='bbox 1104 3265 1218 3287; x_wconf 80' lang='lat' dir='ltr'>torum</span> <span class='ocrx_word' id='word_1_495' title='bbox 1234 3264 1380 3300; x_wconf 86' lang='lat' dir='ltr'>compo-</span> 
     </span>
     <span class='ocr_line' id='line_1_89' title="bbox 494 3302 1383 3345; baseline -0.008 -1"><span class='ocrx_word' id='word_1_496' title='bbox 494 3307 592 3344; x_wconf 73' lang='lat' dir='ltr'>sinim</span> <span class='ocrx_word' id='word_1_497' title='bbox 614 3321 724 3344; x_wconf 82' lang='lat' dir='ltr'>creare</span> <span class='ocrx_word' id='word_1_498' title='bbox 744 3307 877 3344; x_wconf 73' lang='lat' dir='ltr'>:forma</span> <span class='ocrx_word' id='word_1_499' title='bbox 899 3309 991 3341; x_wconf 85' lang='lat' dir='ltr'>enim</span> <span class='ocrx_word' id='word_1_500' title='bbox 1009 3331 1018 3345; x_wconf 93' lang='lat'>,</span> <span class='ocrx_word' id='word_1_501' title='bbox 1046 3302 1226 3340; x_wconf 72' lang='lat' dir='ltr'>secundum</span> <span class='ocrx_word' id='word_1_502' title='bbox 1247 3311 1383 3342; x_wconf 86' lang='lat' dir='ltr'>oinnes,</span> 
     </span>
     <span class='ocr_line' id='line_1_90' title="bbox 495 3355 1380 3404; baseline -0.009 -8"><span class='ocrx_word' id='word_1_503' title='bbox 495 3357 799 3396; x_wconf 69' lang='lat' dir='ltr'>subcst&#39;causalitati</span> <span class='ocrx_word' id='word_1_504' title='bbox 810 3357 963 3393; x_wconf 86' lang='lat' dir='ltr'>totaliter</span> <span class='ocrx_word' id='word_1_505' title='bbox 975 3359 1120 3404; x_wconf 84' lang='lat' dir='ltr'>agentis.</span> <span class='ocrx_word' id='word_1_506' title='bbox 1140 3355 1173 3389; x_wconf 86' lang='lat' dir='ltr'>Si</span> <span class='ocrx_word' id='word_1_507' title='bbox 1188 3366 1271 3402; x_wconf 89' lang='lat' dir='ltr'>ergo</span> <span class='ocrx_word' id='word_1_508' title='bbox 1283 3366 1380 3389; x_wconf 83' lang='lat' dir='ltr'>coin·-</span> 
     </span>
     <span class='ocr_line' id='line_1_91' title="bbox 495 3406 1381 3459; baseline -0.008 -14"><span class='ocrx_word' id='word_1_509' title='bbox 495 3410 641 3459; x_wconf 82' lang='lat' dir='ltr'>pofirum</span> <span class='ocrx_word' id='word_1_510' title='bbox 664 3423 734 3445; x_wconf 86' lang='lat' dir='ltr'>non</span> <span class='ocrx_word' id='word_1_511' title='bbox 748 3407 859 3445; x_wconf 79' lang='lat' dir='ltr'>sitnisi</span> <span class='ocrx_word' id='word_1_512' title='bbox 874 3406 943 3443; x_wconf 82' lang='lat' dir='ltr'>sola</span> <span class='ocrx_word' id='word_1_513' title='bbox 958 3407 1070 3441; x_wconf 81' lang='lat' dir='ltr'>forma</span> <span class='ocrx_word' id='word_1_514' title='bbox 1085 3418 1218 3449; x_wconf 81' lang='lat' dir='ltr'>,torum</span> <span class='ocrx_word' id='word_1_515' title='bbox 1239 3417 1381 3453; x_wconf 87' lang='lat' dir='ltr'>compo-</span> 
     </span>
     <span class='ocr_line' id='line_1_92' title="bbox 493 3455 1384 3504; baseline -0.007 -7"><span class='ocrx_word' id='word_1_516' title='bbox 493 3463 593 3498; x_wconf 81' lang='lat' dir='ltr'>situm</span> <span class='ocrx_word' id='word_1_517' title='bbox 617 3459 692 3496; x_wconf 76' lang='lat' dir='ltr'>cisct</span> <span class='ocrx_word' id='word_1_518' title='bbox 707 3461 858 3496; x_wconf 83' lang='lat' dir='ltr'>totaliter</span> <span class='ocrx_word' id='word_1_519' title='bbox 871 3461 986 3498; x_wconf 86' lang='lat' dir='ltr'>,cuius</span> <span class='ocrx_word' id='word_1_520' title='bbox 999 3456 1089 3493; x_wconf 86' lang='lat' dir='ltr'>nihil</span> <span class='ocrx_word' id='word_1_521' title='bbox 1113 3455 1248 3504; x_wconf 81' lang='lat' dir='ltr'>praefuit</span> <span class='ocrx_word' id='word_1_522' title='bbox 1261 3460 1314 3498; x_wconf 61' lang='lat'>‚„&amp;</span> <span class='ocrx_word' id='word_1_523' title='bbox 1325 3468 1384 3504; x_wconf 85' lang='lat' dir='ltr'>pet·</span> 
     </span>
     <span class='ocr_line' id='line_1_93' title="bbox 493 3506 1383 3560; baseline -0.007 -12"><span class='ocrx_word' id='word_1_524' title='bbox 493 3511 706 3560; x_wconf 87' lang='lat' dir='ltr'>consequens</span> <span class='ocrx_word' id='word_1_525' title='bbox 731 3510 818 3547; x_wconf 86' lang='lat' dir='ltr'>nihil</span> <span class='ocrx_word' id='word_1_526' title='bbox 843 3521 1020 3545; x_wconf 79' lang='lat' dir='ltr'>crearetur.</span> <span class='ocrx_word' id='word_1_527' title='bbox 1056 3511 1150 3544; x_wconf 89' lang='lat' dir='ltr'>Dato</span> <span class='ocrx_word' id='word_1_528' title='bbox 1177 3510 1270 3543; x_wconf 87' lang='lat' dir='ltr'>enim</span> <span class='ocrx_word' id='word_1_529' title='bbox 1288 3506 1383 3554; x_wconf 66' lang='lat' dir='ltr'>quod</span> 
     </span>
     <span class='ocr_line' id='line_1_94' title="bbox 489 3555 1380 3611; baseline -0.009 -11"><span class='ocrx_word' id='word_1_530' title='bbox 489 3563 581 3600; x_wconf 88' lang='lat' dir='ltr'>alind</span> <span class='ocrx_word' id='word_1_531' title='bbox 598 3562 732 3611; x_wconf 79' lang='lat' dir='ltr'>praefuit</span> <span class='ocrx_word' id='word_1_532' title='bbox 744 3564 868 3604; x_wconf 83' lang='lat' dir='ltr'>,etiam</span> <span class='ocrx_word' id='word_1_533' title='bbox 885 3559 996 3595; x_wconf 85' lang='lat' dir='ltr'>forma</span> <span class='ocrx_word' id='word_1_534' title='bbox 1017 3573 1089 3594; x_wconf 88' lang='lat' dir='ltr'>nou</span> <span class='ocrx_word' id='word_1_535' title='bbox 1102 3555 1180 3594; x_wconf 79' lang='lat' dir='ltr'>esset</span> <span class='ocrx_word' id='word_1_536' title='bbox 1194 3570 1267 3593; x_wconf 90' lang='lat' dir='ltr'>tota</span> <span class='ocrx_word' id='word_1_537' title='bbox 1277 3556 1380 3593; x_wconf 83' lang='lat' dir='ltr'>essen-</span> 
     </span>
     <span class='ocr_line' id='line_1_95' title="bbox 489 3606 1383 3662; baseline -0.008 -12"><span class='ocrx_word' id='word_1_538' title='bbox 489 3617 537 3650; x_wconf 85' lang='lat' dir='ltr'>tia</span> <span class='ocrx_word' id='word_1_539' title='bbox 552 3612 746 3662; x_wconf 82' lang='lat' dir='ltr'>compositi.</span> <span class='ocrx_word' id='word_1_540' title='bbox 777 3613 810 3647; x_wconf 88' lang='lat' dir='ltr'>Si</span> <span class='ocrx_word' id='word_1_541' title='bbox 834 3623 945 3647; x_wconf 81' lang='lat' dir='ltr'>autem</span> <span class='ocrx_word' id='word_1_542' title='bbox 960 3612 1101 3646; x_wconf 83' lang='lat' dir='ltr'>materia</span> <span class='ocrx_word' id='word_1_543' title='bbox 1123 3609 1159 3645; x_wconf 84' lang='lat' dir='ltr'>sit</span> <span class='ocrx_word' id='word_1_544' title='bbox 1182 3608 1273 3644; x_wconf 80' lang='lat' dir='ltr'>aliud</span> <span class='ocrx_word' id='word_1_545' title='bbox 1287 3606 1383 3644; x_wconf 83' lang='lat' dir='ltr'>abes·</span> 
     </span>
     <span class='ocr_line' id='line_1_96' title="bbox 489 3658 1382 3713; baseline -0.008 -12"><span class='ocrx_word' id='word_1_546' title='bbox 489 3665 597 3703; x_wconf 81' lang='lat' dir='ltr'>sentia</span> <span class='ocrx_word' id='word_1_547' title='bbox 609 3663 726 3700; x_wconf 83' lang='lat' dir='ltr'>formae</span> <span class='ocrx_word' id='word_1_548' title='bbox 739 3689 750 3703; x_wconf 92' lang='lat'><em>‚</em></span> <span class='ocrx_word' id='word_1_549' title='bbox 762 3663 855 3713; x_wconf 88' lang='lat' dir='ltr'>quod</span> <span class='ocrx_word' id='word_1_550' title='bbox 869 3662 971 3697; x_wconf 87' lang='lat' dir='ltr'>credo</span> <span class='ocrx_word' id='word_1_551' title='bbox 988 3658 1052 3697; x_wconf 77' lang='lat' dir='ltr'>esse</span> <span class='ocrx_word' id='word_1_552' title='bbox 1069 3673 1183 3696; x_wconf 85' lang='lat' dir='ltr'>verum</span> <span class='ocrx_word' id='word_1_553' title='bbox 1197 3683 1207 3700; x_wconf 87' lang='lat'><strong>,</strong></span> <span class='ocrx_word' id='word_1_554' title='bbox 1219 3663 1301 3706; x_wconf 84' lang='lat' dir='ltr'>quia</span> <span class='ocrx_word' id='word_1_555' title='bbox 1321 3659 1382 3695; x_wconf 87' lang='lat' dir='ltr'>ali-</span> 
     </span>
     <span class='ocr_line' id='line_1_97' title="bbox 490 3709 1384 3765; baseline -0.007 -13"><span class='ocrx_word' id='word_1_556' title='bbox 490 3728 541 3753; x_wconf 86' lang='lat' dir='ltr'>ter</span> <span class='ocrx_word' id='word_1_557' title='bbox 559 3728 732 3765; x_wconf 84' lang='lat' dir='ltr'>oporteret</span> <span class='ocrx_word' id='word_1_558' title='bbox 749 3711 977 3762; x_wconf 80' lang='lat' dir='ltr'>compositum</span> <span class='ocrx_word' id='word_1_559' title='bbox 1005 3709 1069 3747; x_wconf 80' lang='lat' dir='ltr'>esse</span> <span class='ocrx_word' id='word_1_560' title='bbox 1092 3709 1321 3759; x_wconf 81' lang='lat' dir='ltr'>compositum</span> <span class='ocrx_word' id='word_1_561' title='bbox 1344 3724 1384 3747; x_wconf 90' lang='lat' dir='ltr'>ex</span> 
     </span>
    </p>
   </div>
   <div class='ocr_carea' id='block_1_8' title="bbox 489 3762 1383 3822">
    <p class='ocr_par' dir='ltr' id='par_1_12' title="bbox 489 3762 1383 3822">
     <span class='ocr_line' id='line_1_98' title="bbox 489 3762 1383 3822; baseline -0.004 -17"><span class='ocrx_word' id='word_1_562' title='bbox 489 3766 607 3822; x_wconf 76' lang='lat' dir='ltr'>aliquo</span> <span class='ocrx_word' id='word_1_563' title='bbox 630 3770 664 3807; x_wconf 67' lang='grc' dir='ltr'>ὁ(</span> <span class='ocrx_word' id='word_1_564' title='bbox 683 3767 795 3805; x_wconf 86' lang='lat' dir='ltr'>nihilo</span> <span class='ocrx_word' id='word_1_565' title='bbox 806 3790 817 3810; x_wconf 83' lang='lat'>‚</span> <span class='ocrx_word' id='word_1_566' title='bbox 830 3776 912 3804; x_wconf 85' lang='lat' dir='ltr'>tunc</span> <span class='ocrx_word' id='word_1_567' title='bbox 926 3763 1006 3801; x_wconf 89' lang='lat' dir='ltr'>dico</span> <span class='ocrx_word' id='word_1_568' title='bbox 1024 3762 1118 3815; x_wconf 69' lang='lat' dir='ltr'>quod</span> <span class='ocrx_word' id='word_1_569' title='bbox 1131 3762 1264 3800; x_wconf 87' lang='lat' dir='ltr'>nullum</span> <span class='ocrx_word' id='word_1_570' title='bbox 1279 3773 1383 3813; x_wconf 81' lang='lat' dir='ltr'>agens</span> 
     </span>
    </p>
   </div>
   <div class='ocr_carea' id='block_1_9' title="bbox 1008 103 1955 198">
    <p class='ocr_par' dir='ltr' id='par_1_13' title="bbox 1008 103 1955 198">
     <span class='ocr_line' id='line_1_99' title="bbox 1008 103 1955 198; baseline -0.005 0"><span class='ocrx_word' id='word_1_571' title='bbox 1008 103 1368 198; x_wconf 69' lang='lat' dir='ltr'>LibJV.</span> <span class='ocrx_word' id='word_1_572' title='bbox 1422 106 1853 195; x_wconf 70' lang='lat' dir='ltr'>Distinfflo</span> <span class='ocrx_word' id='word_1_573' title='bbox 1895 106 1955 193; x_wconf 91' lang='lat' dir='ltr'>I.</span> 
     </span>
    </p>
   </div>
   <div class='ocr_carea' id='block_1_10' title="bbox 1451 242 2349 3850">
    <p class='ocr_par' dir='ltr' id='par_1_14' title="bbox 1451 242 2348 1157">
     <span class='ocr_line' id='line_1_100' title="bbox 1453 242 2340 293; baseline 0.003 -16"><span class='ocrx_word' id='word_1_574' title='bbox 1453 242 1609 279; x_wconf 82' lang='lat' dir='ltr'>naturale</span> <span class='ocrx_word' id='word_1_575' title='bbox 1632 243 1741 293; x_wconf 85' lang='lat' dir='ltr'>potest</span> <span class='ocrx_word' id='word_1_576' title='bbox 1751 243 1846 280; x_wconf 86' lang='lat' dir='ltr'>aliud</span> <span class='ocrx_word' id='word_1_577' title='bbox 1859 242 2012 279; x_wconf 75' lang='lat' dir='ltr'>totaliter</span> <span class='ocrx_word' id='word_1_578' title='bbox 2023 254 2062 279; x_wconf 89' lang='lat' dir='ltr'>ex</span> <span class='ocrx_word' id='word_1_579' title='bbox 2085 242 2198 280; x_wconf 86' lang='lat' dir='ltr'>nihilo</span> <span class='ocrx_word' id='word_1_580' title='bbox 2211 242 2340 293; x_wconf 88' lang='lat' dir='ltr'>produ-</span> 
     </span>
     <span class='ocr_line' id='line_1_101' title="bbox 1451 293 2342 349; baseline 0.004 -22"><span class='ocrx_word' id='word_1_581' title='bbox 1451 306 1527 329; x_wconf 85' lang='lat' dir='ltr'>cere</span> <span class='ocrx_word' id='word_1_582' title='bbox 1541 320 1551 333; x_wconf 88' lang='lat'>,</span> <span class='ocrx_word' id='word_1_583' title='bbox 1563 308 1625 330; x_wconf 88' lang='lat' dir='ltr'>uec</span> <span class='ocrx_word' id='word_1_584' title='bbox 1641 306 1697 342; x_wconf 86' lang='lat' dir='ltr'>pet</span> <span class='ocrx_word' id='word_1_585' title='bbox 1720 301 1932 343; x_wconf 62' lang='lat' dir='ltr'>consequens</span> <span class='ocrx_word' id='word_1_586' title='bbox 1945 307 2067 330; x_wconf 80' lang='lat' dir='ltr'>creare.</span> <span class='ocrx_word' id='word_1_587' title='bbox 2098 296 2209 349; x_wconf 80' lang='lat' dir='ltr'>Qod</span> <span class='ocrx_word' id='word_1_588' title='bbox 2232 293 2342 344; x_wconf 84' lang='lat' dir='ltr'>probo</span> 
     </span>
     <span class='ocr_line' id='line_1_102' title="bbox 1452 342 2344 393; baseline 0.002 -15"><span class='ocrx_word' id='word_1_589' title='bbox 1452 342 1516 380; x_wconf 85' lang='lat' dir='ltr'>fic:</span> <span class='ocrx_word' id='word_1_590' title='bbox 1531 346 1670 393; x_wconf 84' lang='lat' dir='ltr'>quando</span> <span class='ocrx_word' id='word_1_591' title='bbox 1685 345 1775 381; x_wconf 85' lang='lat' dir='ltr'>aliud</span> <span class='ocrx_word' id='word_1_592' title='bbox 1795 345 1976 381; x_wconf 71' lang='lat' dir='ltr'>secundum</span> <span class='ocrx_word' id='word_1_593' title='bbox 2003 357 2111 380; x_wconf 87' lang='lat' dir='ltr'>iotam</span> <span class='ocrx_word' id='word_1_594' title='bbox 2133 348 2224 382; x_wconf 83' lang='lat' dir='ltr'>luam</span> <span class='ocrx_word' id='word_1_595' title='bbox 2238 348 2344 381; x_wconf 85' lang='lat' dir='ltr'>ratio-</span> 
     </span>
     <span class='ocr_line' id='line_1_103' title="bbox 1452 394 2345 445; baseline 0.002 -15"><span class='ocrx_word' id='word_1_596' title='bbox 1452 407 1529 430; x_wconf 90' lang='lat' dir='ltr'>nem</span> <span class='ocrx_word' id='word_1_597' title='bbox 1547 394 1776 444; x_wconf 81' lang='lat' dir='ltr'>praesupponit</span> <span class='ocrx_word' id='word_1_598' title='bbox 1786 397 1877 431; x_wconf 90' lang='lat' dir='ltr'>aliud</span> <span class='ocrx_word' id='word_1_599' title='bbox 1890 421 1900 436; x_wconf 91' lang='lat'>,</span> <span class='ocrx_word' id='word_1_600' title='bbox 1913 395 1998 432; x_wconf 90' lang='lat' dir='ltr'>niliil</span> <span class='ocrx_word' id='word_1_601' title='bbox 2011 400 2083 432; x_wconf 88' lang='lat' dir='ltr'>eius</span> <span class='ocrx_word' id='word_1_602' title='bbox 2097 397 2206 444; x_wconf 82' lang='lat' dir='ltr'>potest</span> <span class='ocrx_word' id='word_1_603' title='bbox 2215 396 2345 445; x_wconf 85' lang='lat' dir='ltr'>produ-</span> 
     </span>
     <span class='ocr_line' id='line_1_104' title="bbox 1452 444 2345 495; baseline 0.001 -14"><span class='ocrx_word' id='word_1_604' title='bbox 1452 458 1529 481; x_wconf 89' lang='lat' dir='ltr'>cere</span> <span class='ocrx_word' id='word_1_605' title='bbox 1553 447 1683 495; x_wconf 87' lang='lat' dir='ltr'>aliquid</span> <span class='ocrx_word' id='word_1_606' title='bbox 1698 445 1791 482; x_wconf 85' lang='lat' dir='ltr'>illius</span> <span class='ocrx_word' id='word_1_607' title='bbox 1803 471 1812 486; x_wconf 92' lang='lat'>,</span> <span class='ocrx_word' id='word_1_608' title='bbox 1826 446 1881 482; x_wconf 81' lang='lat' dir='ltr'>sed</span> <span class='ocrx_word' id='word_1_609' title='bbox 1898 446 2018 482; x_wconf 78' lang='lat' dir='ltr'>formae</span> <span class='ocrx_word' id='word_1_610' title='bbox 2031 449 2214 483; x_wconf 82' lang='lat' dir='ltr'>materialis</span> <span class='ocrx_word' id='word_1_611' title='bbox 2227 444 2345 482; x_wconf 90' lang='lat' dir='ltr'>secun-</span> 
     </span>
     <span class='ocr_line' id='line_1_105' title="bbox 1453 495 2345 547; baseline 0.002 -16"><span class='ocrx_word' id='word_1_612' title='bbox 1453 496 1541 531; x_wconf 76' lang='lat' dir='ltr'>dum</span> <span class='ocrx_word' id='word_1_613' title='bbox 1564 508 1672 532; x_wconf 85' lang='lat' dir='ltr'>totam</span> <span class='ocrx_word' id='word_1_614' title='bbox 1693 500 1863 533; x_wconf 80' lang='lat' dir='ltr'>rationem</span> <span class='ocrx_word' id='word_1_615' title='bbox 1884 495 1974 533; x_wconf 82' lang='lat' dir='ltr'>suain</span> <span class='ocrx_word' id='word_1_616' title='bbox 1996 497 2222 547; x_wconf 87' lang='lat' dir='ltr'>praesupponit</span> <span class='ocrx_word' id='word_1_617' title='bbox 2240 509 2345 533; x_wconf 87' lang='lat' dir='ltr'>mare-</span> 
     </span>
     <span class='ocr_line' id='line_1_106' title="bbox 1452 547 2344 597; baseline 0.002 -16"><span class='ocrx_word' id='word_1_618' title='bbox 1452 551 1554 582; x_wconf 81' lang='lat' dir='ltr'>riam:</span> <span class='ocrx_word' id='word_1_619' title='bbox 1570 560 1652 597; x_wconf 86' lang='lat' dir='ltr'>ergo</span> <span class='ocrx_word' id='word_1_620' title='bbox 1663 547 1753 583; x_wconf 86' lang='lat' dir='ltr'>nihil</span> <span class='ocrx_word' id='word_1_621' title='bbox 1776 553 1849 584; x_wconf 85' lang='lat' dir='ltr'>eius</span> <span class='ocrx_word' id='word_1_622' title='bbox 1874 549 1981 597; x_wconf 85' lang='lat' dir='ltr'>potest</span> <span class='ocrx_word' id='word_1_623' title='bbox 2004 549 2189 596; x_wconf 83' lang='lat' dir='ltr'>producere</span> <span class='ocrx_word' id='word_1_624' title='bbox 2212 547 2344 596; x_wconf 85' lang='lat' dir='ltr'>aliquid</span> 
     </span>
     <span class='ocr_line' id='line_1_107' title="bbox 1454 598 2345 648; baseline 0.001 -15"><span class='ocrx_word' id='word_1_625' title='bbox 1454 601 1601 634; x_wconf 80' lang='lat' dir='ltr'>materiae</span> <span class='ocrx_word' id='word_1_626' title='bbox 1615 613 1625 641; x_wconf 82' lang='lat'>3</span> <span class='ocrx_word' id='word_1_627' title='bbox 1642 598 1695 635; x_wconf 88' lang='lat' dir='ltr'>sed</span> <span class='ocrx_word' id='word_1_628' title='bbox 1705 599 1814 648; x_wconf 87' lang='lat' dir='ltr'>qualis</span> <span class='ocrx_word' id='word_1_629' title='bbox 1827 599 1872 635; x_wconf 85' lang='lat' dir='ltr'>est</span> <span class='ocrx_word' id='word_1_630' title='bbox 1883 600 1970 634; x_wconf 89' lang='lat' dir='ltr'>ordo</span> <span class='ocrx_word' id='word_1_631' title='bbox 1982 603 2071 635; x_wconf 82' lang='lat' dir='ltr'>inter</span> <span class='ocrx_word' id='word_1_632' title='bbox 2084 602 2218 648; x_wconf 85' lang='lat' dir='ltr'>agentia</span> <span class='ocrx_word' id='word_1_633' title='bbox 2228 598 2345 635; x_wconf 89' lang='lat' dir='ltr'>secun-</span> 
     </span>
     <span class='ocr_line' id='line_1_108' title="bbox 1452 648 2345 690; baseline 0.003 -7"><span class='ocrx_word' id='word_1_634' title='bbox 1452 648 1533 683; x_wconf 76' lang='lat' dir='ltr'>duin</span> <span class='ocrx_word' id='word_1_635' title='bbox 1556 648 1586 685; x_wconf 88' lang='lat' dir='ltr'>se</span> <span class='ocrx_word' id='word_1_636' title='bbox 1612 662 1686 685; x_wconf 86' lang='lat' dir='ltr'>tota</span> <span class='ocrx_word' id='word_1_637' title='bbox 1703 653 1925 686; x_wconf 87' lang='lat' dir='ltr'>incommuni</span> <span class='ocrx_word' id='word_1_638' title='bbox 1939 675 1950 690; x_wconf 91' lang='lat'><strong><em>,</em></strong></span> <span class='ocrx_word' id='word_1_639' title='bbox 1964 650 2042 686; x_wconf 88' lang='lat' dir='ltr'>talis</span> <span class='ocrx_word' id='word_1_640' title='bbox 2061 651 2106 686; x_wconf 85' lang='lat' dir='ltr'>est</span> <span class='ocrx_word' id='word_1_641' title='bbox 2122 652 2209 686; x_wconf 91' lang='lat' dir='ltr'>ordo</span> <span class='ocrx_word' id='word_1_642' title='bbox 2224 661 2345 686; x_wconf 86' lang='lat' dir='ltr'>eorum</span> 
     </span>
     <span class='ocr_line' id='line_1_109' title="bbox 1453 699 2346 742; baseline 0.002 -8"><span class='ocrx_word' id='word_1_643' title='bbox 1453 701 1489 734; x_wconf 86' lang='lat' dir='ltr'>in</span> <span class='ocrx_word' id='word_1_644' title='bbox 1517 702 1582 735; x_wconf 75' lang='lat' dir='ltr'>suis</span> <span class='ocrx_word' id='word_1_645' title='bbox 1602 699 1826 736; x_wconf 87' lang='lat' dir='ltr'>inferioribus</span> <span class='ocrx_word' id='word_1_646' title='bbox 1843 713 1878 736; x_wconf 91' lang='grc' dir='ltr'>νε</span> <span class='ocrx_word' id='word_1_647' title='bbox 1893 702 2083 737; x_wconf 85' lang='lat' dir='ltr'>indiuiduis</span> <span class='ocrx_word' id='word_1_648' title='bbox 2097 725 2108 741; x_wconf 91' lang='lat'>‚</span> <span class='ocrx_word' id='word_1_649' title='bbox 2123 713 2158 737; x_wconf 88' lang='lat' dir='ltr'>vt</span> <span class='ocrx_word' id='word_1_650' title='bbox 2184 700 2207 742; x_wconf 79' lang='lat' dir='ltr'><strong>fi</strong></span> <span class='ocrx_word' id='word_1_651' title='bbox 2221 699 2346 737; x_wconf 89' lang='lat' dir='ltr'>albedo</span> 
     </span>
     <span class='ocr_line' id='line_1_110' title="bbox 1453 748 2344 801; baseline 0.001 -16"><span class='ocrx_word' id='word_1_652' title='bbox 1453 748 1636 786; x_wconf 74' lang='lat' dir='ltr'>secuudum</span> <span class='ocrx_word' id='word_1_653' title='bbox 1662 763 1772 787; x_wconf 88' lang='lat' dir='ltr'>totam</span> <span class='ocrx_word' id='word_1_654' title='bbox 1799 749 1890 787; x_wconf 87' lang='lat' dir='ltr'>suam</span> <span class='ocrx_word' id='word_1_655' title='bbox 1908 750 2052 800; x_wconf 81' lang='lat' dir='ltr'>speciem</span> <span class='ocrx_word' id='word_1_656' title='bbox 2064 750 2103 786; x_wconf 79' lang='lat' dir='ltr'>sit</span> <span class='ocrx_word' id='word_1_657' title='bbox 2119 755 2213 800; x_wconf 88' lang='lat' dir='ltr'>prior</span> <span class='ocrx_word' id='word_1_658' title='bbox 2227 754 2344 801; x_wconf 88' lang='lat' dir='ltr'>nigre-</span> 
     </span>
     <span class='ocr_line' id='line_1_111' title="bbox 1454 799 2348 851; baseline 0.002 -15"><span class='ocrx_word' id='word_1_659' title='bbox 1454 801 1744 850; x_wconf 81' lang='lat' dir='ltr'>diue‚quodlibet</span> <span class='ocrx_word' id='word_1_660' title='bbox 1764 802 1981 839; x_wconf 86' lang='lat' dir='ltr'>indiuiduum</span> <span class='ocrx_word' id='word_1_661' title='bbox 2007 799 2174 839; x_wconf 83' lang='lat' dir='ltr'>albedinis</span> <span class='ocrx_word' id='word_1_662' title='bbox 2193 803 2239 839; x_wconf 88' lang='lat' dir='ltr'>est</span> <span class='ocrx_word' id='word_1_663' title='bbox 2251 806 2348 851; x_wconf 81' lang='lat' dir='ltr'>prius</span> 
     </span>
     <span class='ocr_line' id='line_1_112' title="bbox 1453 851 2343 903; baseline 0.001 -16"><span class='ocrx_word' id='word_1_664' title='bbox 1453 851 1614 900; x_wconf 87' lang='lat' dir='ltr'>quolibet</span> <span class='ocrx_word' id='word_1_665' title='bbox 1628 853 1818 890; x_wconf 87' lang='lat' dir='ltr'>indiuiduo</span> <span class='ocrx_word' id='word_1_666' title='bbox 1842 854 2032 903; x_wconf 73' lang='lat' dir='ltr'>nigredinis</span> <span class='ocrx_word' id='word_1_667' title='bbox 2053 877 2063 893; x_wconf 92' lang='lat'>‚</span> <span class='ocrx_word' id='word_1_668' title='bbox 2087 857 2123 890; x_wconf 87' lang='lat'>&amp;</span> <span class='ocrx_word' id='word_1_669' title='bbox 2144 866 2202 902; x_wconf 88' lang='lat' dir='ltr'>per</span> <span class='ocrx_word' id='word_1_670' title='bbox 2221 851 2343 889; x_wconf 88' lang='lat' dir='ltr'>conse·</span> 
     </span>
     <span class='ocr_line' id='line_1_113' title="bbox 1454 902 2347 954; baseline 0 -15"><span class='ocrx_word' id='word_1_671' title='bbox 1454 916 1565 951; x_wconf 80' lang='lat' dir='ltr'>quens</span> <span class='ocrx_word' id='word_1_672' title='bbox 1595 902 1728 940; x_wconf 70' lang='lat' dir='ltr'>nullu&#39;m</span> <span class='ocrx_word' id='word_1_673' title='bbox 1758 903 1975 941; x_wconf 76' lang='lat' dir='ltr'>indiuiduam</span> <span class='ocrx_word' id='word_1_674' title='bbox 2004 905 2197 953; x_wconf 86' lang='lat' dir='ltr'>nigredinis</span> <span class='ocrx_word' id='word_1_675' title='bbox 2234 903 2347 954; x_wconf 88' lang='lat' dir='ltr'>potest</span> 
     </span>
     <span class='ocr_line' id='line_1_114' title="bbox 1455 954 2345 1004; baseline 0.002 -16"><span class='ocrx_word' id='word_1_676' title='bbox 1455 955 1644 1002; x_wconf 86' lang='lat' dir='ltr'>producere</span> <span class='ocrx_word' id='word_1_677' title='bbox 1655 955 1873 991; x_wconf 87' lang='lat' dir='ltr'>indiuiduuin</span> <span class='ocrx_word' id='word_1_678' title='bbox 1896 954 2037 1004; x_wconf 86' lang='lat' dir='ltr'>aliquod</span> <span class='ocrx_word' id='word_1_679' title='bbox 2050 954 2218 992; x_wconf 90' lang='lat' dir='ltr'>albedinis</span> <span class='ocrx_word' id='word_1_680' title='bbox 2233 970 2244 998; x_wconf 68' lang='grc' dir='ltr'>ς</span> <span class='ocrx_word' id='word_1_681' title='bbox 2260 966 2345 1004; x_wconf 84' lang='lat' dir='ltr'>ergo</span> 
     </span>
     <span class='ocr_line' id='line_1_115' title="bbox 1455 1004 2345 1055; baseline 0.001 -14"><span class='ocrx_word' id='word_1_682' title='bbox 1455 1017 1518 1041; x_wconf 87' lang='lat' dir='ltr'>nec</span> <span class='ocrx_word' id='word_1_683' title='bbox 1526 1005 1641 1054; x_wconf 85' lang='lat' dir='ltr'>aliqua</span> <span class='ocrx_word' id='word_1_684' title='bbox 1651 1004 1763 1042; x_wconf 87' lang='lat' dir='ltr'>forma</span> <span class='ocrx_word' id='word_1_685' title='bbox 1781 1004 1970 1054; x_wconf 86' lang='lat' dir='ltr'>corporalis</span> <span class='ocrx_word' id='word_1_686' title='bbox 1984 1030 1995 1047; x_wconf 86' lang='lat'>,</span> <span class='ocrx_word' id='word_1_687' title='bbox 2009 1005 2063 1043; x_wconf 83' lang='lat' dir='ltr'>vel</span> <span class='ocrx_word' id='word_1_688' title='bbox 2076 1005 2257 1043; x_wconf 80' lang='lat' dir='ltr'>materialis</span> <span class='ocrx_word' id='word_1_689' title='bbox 2268 1018 2345 1055; x_wconf 87' lang='lat' dir='ltr'>per-</span> 
     </span>
     <span class='ocr_line' id='line_1_116' title="bbox 1455 1054 2345 1108; baseline 0.001 -17"><span class='ocrx_word' id='word_1_690' title='bbox 1455 1054 1573 1092; x_wconf 83' lang='lat' dir='ltr'>ficiens</span> <span class='ocrx_word' id='word_1_691' title='bbox 1596 1061 1770 1093; x_wconf 80' lang='lat' dir='ltr'>materiam</span> <span class='ocrx_word' id='word_1_692' title='bbox 1788 1082 1798 1098; x_wconf 83' lang='lat'>‚</span> <span class='ocrx_word' id='word_1_693' title='bbox 1811 1061 1846 1094; x_wconf 93' lang='lat'>&amp;</span> <span class='ocrx_word' id='word_1_694' title='bbox 1861 1069 1933 1092; x_wconf 82' lang='lat' dir='ltr'>eain</span> <span class='ocrx_word' id='word_1_695' title='bbox 1947 1056 2142 1094; x_wconf 84' lang='lat' dir='ltr'>naturaliter</span> <span class='ocrx_word' id='word_1_696' title='bbox 2151 1055 2345 1108; x_wconf 81' lang='lat' dir='ltr'>praesuppo-</span> 
     </span>
     <span class='ocr_line' id='line_1_117' title="bbox 1456 1107 1952 1157; baseline 0.004 -15"><span class='ocrx_word' id='word_1_697' title='bbox 1456 1119 1542 1143; x_wconf 84' lang='lat' dir='ltr'>nens</span> <span class='ocrx_word' id='word_1_698' title='bbox 1554 1107 1659 1157; x_wconf 79' lang='lat' dir='ltr'>poffet</span> <span class='ocrx_word' id='word_1_699' title='bbox 1668 1120 1742 1144; x_wconf 86' lang='lat' dir='ltr'>eam</span> <span class='ocrx_word' id='word_1_700' title='bbox 1754 1108 1952 1157; x_wconf 89' lang='lat' dir='ltr'>producere.</span> 
     </span>
    </p>

    <p class='ocr_par' dir='ltr' id='par_1_15' title="bbox 1456 1156 2344 1411">
     <span class='ocr_line' id='line_1_118' title="bbox 1506 1156 2343 1209; baseline 0.002 -15"><span class='ocrx_word' id='word_1_701' title='bbox 1506 1159 1571 1194; x_wconf 86' lang='lat' dir='ltr'>Sed</span> <span class='ocrx_word' id='word_1_702' title='bbox 1593 1158 1705 1195; x_wconf 87' lang='lat' dir='ltr'>adhuc</span> <span class='ocrx_word' id='word_1_703' title='bbox 1730 1172 1802 1194; x_wconf 88' lang='lat' dir='ltr'>non</span> <span class='ocrx_word' id='word_1_704' title='bbox 1827 1159 1872 1195; x_wconf 91' lang='lat' dir='ltr'>est</span> <span class='ocrx_word' id='word_1_705' title='bbox 1894 1156 2074 1209; x_wconf 29' lang='lat' dir='ltr'>probatu—m</span> <span class='ocrx_word' id='word_1_706' title='bbox 2100 1159 2184 1207; x_wconf 87' lang='lat' dir='ltr'>quiri</span> <span class='ocrx_word' id='word_1_707' title='bbox 2215 1157 2343 1196; x_wconf 84' lang='lat' dir='ltr'>coelum</span> 
     </span>
     <span class='ocr_line' id='line_1_119' title="bbox 1456 1207 2344 1259; baseline 0.001 -15"><span class='ocrx_word' id='word_1_708' title='bbox 1456 1207 1561 1258; x_wconf 83' lang='lat' dir='ltr'>poffet</span> <span class='ocrx_word' id='word_1_709' title='bbox 1576 1210 1762 1258; x_wconf 88' lang='lat' dir='ltr'>producere</span> <span class='ocrx_word' id='word_1_710' title='bbox 1773 1211 1815 1246; x_wconf 89' lang='lat' dir='ltr'>de</span> <span class='ocrx_word' id='word_1_711' title='bbox 1825 1223 1920 1246; x_wconf 82' lang='lat' dir='ltr'>nouo</span> <span class='ocrx_word' id='word_1_712' title='bbox 1932 1211 1991 1245; x_wconf 89' lang='lat' dir='ltr'>ista</span> <span class='ocrx_word' id='word_1_713' title='bbox 2001 1207 2242 1259; x_wconf 77' lang='lat' dir='ltr'>corporalia,&amp;</span> <span class='ocrx_word' id='word_1_714' title='bbox 2249 1223 2344 1246; x_wconf 85' lang='lat' dir='ltr'>com·</span> 
     </span>
     <span class='ocr_line' id='line_1_120' title="bbox 1457 1259 2343 1310; baseline 0.001 -15"><span class='ocrx_word' id='word_1_715' title='bbox 1457 1259 1564 1309; x_wconf 85' lang='lat' dir='ltr'>polita</span> <span class='ocrx_word' id='word_1_716' title='bbox 1588 1285 1598 1301; x_wconf 88' lang='lat'><strong>,</strong></span> <span class='ocrx_word' id='word_1_717' title='bbox 1617 1265 1652 1297; x_wconf 87' lang='lat'>&amp;</span> <span class='ocrx_word' id='word_1_718' title='bbox 1673 1273 1731 1310; x_wconf 85' lang='lat' dir='ltr'>per</span> <span class='ocrx_word' id='word_1_719' title='bbox 1754 1259 1969 1309; x_wconf 89' lang='lat' dir='ltr'>consequens</span> <span class='ocrx_word' id='word_1_720' title='bbox 1990 1261 2215 1309; x_wconf 87' lang='lat' dir='ltr'>creare,quia</span> <span class='ocrx_word' id='word_1_721' title='bbox 2235 1259 2343 1310; x_wconf 87' lang='lat' dir='ltr'>ipsum</span> 
     </span>
     <span class='ocr_line' id='line_1_121' title="bbox 1456 1310 2343 1360; baseline 0.002 -14"><span class='ocrx_word' id='word_1_722' title='bbox 1456 1324 1529 1347; x_wconf 89' lang='lat' dir='ltr'>non</span> <span class='ocrx_word' id='word_1_723' title='bbox 1550 1312 1597 1347; x_wconf 89' lang='lat' dir='ltr'>est</span> <span class='ocrx_word' id='word_1_724' title='bbox 1609 1313 1772 1360; x_wconf 85' lang='lat' dir='ltr'>posterius</span> <span class='ocrx_word' id='word_1_725' title='bbox 1786 1315 2004 1352; x_wconf 84' lang='lat' dir='ltr'>materia,nec</span> <span class='ocrx_word' id='word_1_726' title='bbox 2016 1310 2245 1360; x_wconf 65' lang='lat' dir='ltr'>praesupponit</span> <span class='ocrx_word' id='word_1_727' title='bbox 2255 1324 2343 1354; x_wconf 88' lang='lat' dir='ltr'>eam,</span> 
     </span>
     <span class='ocr_line' id='line_1_122' title="bbox 1458 1361 2166 1411; baseline 0.001 -13"><span class='ocrx_word' id='word_1_728' title='bbox 1458 1374 1493 1398; x_wconf 78' lang='lat' dir='ltr'>vt</span> <span class='ocrx_word' id='word_1_729' title='bbox 1505 1361 1736 1403; x_wconf 69' lang='lat' dir='ltr'>viderimficut</span> <span class='ocrx_word' id='word_1_730' title='bbox 1747 1363 1818 1407; x_wconf 79' lang='lat' dir='ltr'>aliae</span> <span class='ocrx_word' id='word_1_731' title='bbox 1829 1361 1950 1403; x_wconf 82' lang='lat' dir='ltr'>formae</span> <span class='ocrx_word' id='word_1_732' title='bbox 1959 1362 2166 1411; x_wconf 82' lang='lat' dir='ltr'>corporales.</span> 
     </span>
    </p>

    <p class='ocr_par' dir='ltr' id='par_1_16' title="bbox 1454 1412 2349 2215">
     <span class='ocr_line' id='line_1_123' title="bbox 1508 1412 2343 1463; baseline 0 -13"><span class='ocrx_word' id='word_1_733' title='bbox 1508 1412 1576 1450; x_wconf 78' lang='lat' dir='ltr'>Hic</span> <span class='ocrx_word' id='word_1_734' title='bbox 1599 1414 1724 1450; x_wconf 87' lang='lat' dir='ltr'>dicitur</span> <span class='ocrx_word' id='word_1_735' title='bbox 1744 1414 1840 1463; x_wconf 72' lang='lat' dir='ltr'>quod</span> <span class='ocrx_word' id='word_1_736' title='bbox 1859 1413 1985 1450; x_wconf 89' lang='lat' dir='ltr'>coelum</span> <span class='ocrx_word' id='word_1_737' title='bbox 2009 1426 2082 1450; x_wconf 89' lang='lat' dir='ltr'>non</span> <span class='ocrx_word' id='word_1_738' title='bbox 2104 1412 2214 1463; x_wconf 87' lang='lat' dir='ltr'>potest</span> <span class='ocrx_word' id='word_1_739' title='bbox 2231 1424 2343 1450; x_wconf 88' lang='lat' dir='ltr'>totum</span> 
     </span>
     <span class='ocr_line' id='line_1_124' title="bbox 1457 1463 2349 1515; baseline 0.001 -17"><span class='ocrx_word' id='word_1_740' title='bbox 1457 1466 1657 1513; x_wconf 80' lang='lat' dir='ltr'>producere,</span> <span class='ocrx_word' id='word_1_741' title='bbox 1669 1467 1751 1515; x_wconf 86' lang='lat' dir='ltr'>quia</span> <span class='ocrx_word' id='word_1_742' title='bbox 1761 1463 1943 1502; x_wconf 72' lang='lat' dir='ltr'>secundum</span> <span class='ocrx_word' id='word_1_743' title='bbox 1956 1464 2205 1514; x_wconf 86' lang='lat' dir='ltr'>Philosophum</span> <span class='ocrx_word' id='word_1_744' title='bbox 2221 1463 2349 1514; x_wconf 71' lang='lat' dir='ltr'>7.Phys.&#39;</span> 
     </span>
     <span class='ocr_line' id='line_1_125' title="bbox 1454 1513 2345 1564; baseline 0.001 -13"><span class='ocrx_word' id='word_1_745' title='bbox 1454 1525 1532 1552; x_wconf 77' lang='lat' dir='ltr'>text.</span> <span class='ocrx_word' id='word_1_746' title='bbox 1552 1529 1603 1551; x_wconf 87' lang='lat' dir='ltr'>io.</span> <span class='ocrx_word' id='word_1_747' title='bbox 1618 1529 1761 1553; x_wconf 88' lang='lat' dir='ltr'>mouens</span> <span class='ocrx_word' id='word_1_748' title='bbox 1784 1521 1818 1553; x_wconf 75' lang='grc' dir='ltr'>δε</span> <span class='ocrx_word' id='word_1_749' title='bbox 1840 1529 1973 1553; x_wconf 88' lang='lat' dir='ltr'>motum</span> <span class='ocrx_word' id='word_1_750' title='bbox 1995 1527 2136 1564; x_wconf 87' lang='lat' dir='ltr'>oportet</span> <span class='ocrx_word' id='word_1_751' title='bbox 2159 1513 2223 1552; x_wconf 81' lang='lat' dir='ltr'>esse</span> <span class='ocrx_word' id='word_1_752' title='bbox 2233 1513 2345 1558; x_wconf 77' lang='lat' dir='ltr'>simul,</span> 
     </span>
     <span class='ocr_line' id='line_1_126' title="bbox 1456 1565 2345 1615; baseline 0 -12"><span class='ocrx_word' id='word_1_753' title='bbox 1456 1569 1538 1614; x_wconf 85' lang='lat' dir='ltr'>quia</span> <span class='ocrx_word' id='word_1_754' title='bbox 1547 1567 1637 1602; x_wconf 65' lang='lat' dir='ltr'>actio</span> <span class='ocrx_word' id='word_1_755' title='bbox 1649 1580 1767 1604; x_wconf 88' lang='lat' dir='ltr'>eorum</span> <span class='ocrx_word' id='word_1_756' title='bbox 1785 1569 1834 1607; x_wconf 86' lang='lat' dir='ltr'>est</span> <span class='ocrx_word' id='word_1_757' title='bbox 1845 1570 1883 1603; x_wconf 88' lang='lat' dir='ltr'>in</span> <span class='ocrx_word' id='word_1_758' title='bbox 1898 1569 1973 1605; x_wconf 62' lang='lat' dir='ltr'>adiu</span> <span class='ocrx_word' id='word_1_759' title='bbox 1986 1582 1995 1609; x_wconf 77' lang='lat'>3</span> <span class='ocrx_word' id='word_1_760' title='bbox 2008 1565 2061 1603; x_wconf 80' lang='lat' dir='ltr'>sed</span> <span class='ocrx_word' id='word_1_761' title='bbox 2077 1579 2200 1615; x_wconf 85' lang='lat' dir='ltr'>corpus</span> <span class='ocrx_word' id='word_1_762' title='bbox 2210 1567 2345 1605; x_wconf 88' lang='lat' dir='ltr'>coeleste</span> 
     </span>
     <span class='ocr_line' id='line_1_127' title="bbox 1456 1617 2346 1667; baseline 0.003 -15"><span class='ocrx_word' id='word_1_763' title='bbox 1456 1629 1529 1653; x_wconf 89' lang='lat' dir='ltr'>non</span> <span class='ocrx_word' id='word_1_764' title='bbox 1543 1620 1651 1666; x_wconf 86' lang='lat' dir='ltr'>potest</span> <span class='ocrx_word' id='word_1_765' title='bbox 1664 1617 1727 1655; x_wconf 80' lang='lat' dir='ltr'>esse</span> <span class='ocrx_word' id='word_1_766' title='bbox 1739 1618 1836 1655; x_wconf 70' lang='lat' dir='ltr'>simul</span> <span class='ocrx_word' id='word_1_767' title='bbox 1849 1619 1951 1655; x_wconf 89' lang='lat' dir='ltr'>alicui</span> <span class='ocrx_word' id='word_1_768' title='bbox 1975 1617 2132 1654; x_wconf 86' lang='lat' dir='ltr'>inferiori</span> <span class='ocrx_word' id='word_1_769' title='bbox 2146 1643 2158 1659; x_wconf 93' lang='lat'>‚</span> <span class='ocrx_word' id='word_1_770' title='bbox 2171 1631 2233 1654; x_wconf 85' lang='lat' dir='ltr'>nec</span> <span class='ocrx_word' id='word_1_771' title='bbox 2246 1629 2346 1667; x_wconf 84' lang='lat' dir='ltr'>agere</span> 
     </span>
     <span class='ocr_line' id='line_1_128' title="bbox 1456 1667 2344 1718; baseline 0.001 -15"><span class='ocrx_word' id='word_1_772' title='bbox 1456 1681 1516 1717; x_wconf 87' lang='lat' dir='ltr'>per</span> <span class='ocrx_word' id='word_1_773' title='bbox 1527 1671 1724 1706; x_wconf 68' lang='lat' dir='ltr'>contactum</span> <span class='ocrx_word' id='word_1_774' title='bbox 1744 1673 1780 1706; x_wconf 91' lang='lat' dir='ltr'>in</span> <span class='ocrx_word' id='word_1_775' title='bbox 1791 1669 1932 1718; x_wconf 87' lang='lat' dir='ltr'>aliquod</span> <span class='ocrx_word' id='word_1_776' title='bbox 1944 1668 2109 1710; x_wconf 79' lang='lat' dir='ltr'>inferius,</span> <span class='ocrx_word' id='word_1_777' title='bbox 2124 1667 2183 1704; x_wconf 78' lang='lat' dir='ltr'>nisi</span> <span class='ocrx_word' id='word_1_778' title='bbox 2199 1681 2257 1718; x_wconf 87' lang='lat' dir='ltr'>per</span> <span class='ocrx_word' id='word_1_779' title='bbox 2269 1682 2344 1705; x_wconf 85' lang='lat' dir='ltr'>me—</span> 
     </span>
     <span class='ocr_line' id='line_1_129' title="bbox 1456 1720 2346 1770; baseline 0.001 -15"><span class='ocrx_word' id='word_1_780' title='bbox 1456 1720 1551 1755; x_wconf 86' lang='lat' dir='ltr'>dium</span> <span class='ocrx_word' id='word_1_781' title='bbox 1564 1721 1743 1757; x_wconf 85' lang='lat' dir='ltr'>alteratum</span> <span class='ocrx_word' id='word_1_782' title='bbox 1754 1746 1765 1762; x_wconf 91' lang='lat'>‚</span> <span class='ocrx_word' id='word_1_783' title='bbox 1776 1734 1813 1758; x_wconf 87' lang='lat' dir='ltr'>vt</span> <span class='ocrx_word' id='word_1_784' title='bbox 1827 1734 1884 1770; x_wconf 91' lang='lat' dir='ltr'>per</span> <span class='ocrx_word' id='word_1_785' title='bbox 1899 1721 2014 1757; x_wconf 89' lang='lat' dir='ltr'>lumen</span> <span class='ocrx_word' id='word_1_786' title='bbox 2027 1744 2038 1761; x_wconf 89' lang='lat'>‚</span> <span class='ocrx_word' id='word_1_787' title='bbox 2050 1725 2083 1758; x_wconf 88' lang='lat'>&amp;</span> <span class='ocrx_word' id='word_1_788' title='bbox 2096 1733 2153 1769; x_wconf 91' lang='lat' dir='ltr'>per</span> <span class='ocrx_word' id='word_1_789' title='bbox 2171 1720 2252 1756; x_wconf 79' lang='lat' dir='ltr'>alias</span> <span class='ocrx_word' id='word_1_790' title='bbox 2261 1733 2346 1767; x_wconf 86' lang='lat' dir='ltr'>qua·</span> 
     </span>
     <span class='ocr_line' id='line_1_130' title="bbox 1456 1770 2346 1822; baseline 0 -16"><span class='ocrx_word' id='word_1_791' title='bbox 1456 1770 1570 1807; x_wconf 87' lang='lat' dir='ltr'>litates</span> <span class='ocrx_word' id='word_1_792' title='bbox 1581 1797 1592 1812; x_wconf 94' lang='lat'>,</span> <span class='ocrx_word' id='word_1_793' title='bbox 1605 1771 1894 1822; x_wconf 81' lang='lat' dir='ltr'>&amp;·impreffiones</span> <span class='ocrx_word' id='word_1_794' title='bbox 1905 1773 2030 1808; x_wconf 69' lang='lat' dir='ltr'>affluas</span> <span class='ocrx_word' id='word_1_795' title='bbox 2039 1795 2049 1812; x_wconf 87' lang='lat'>‚</span> <span class='ocrx_word' id='word_1_796' title='bbox 2061 1776 2095 1809; x_wconf 71' lang='grc' dir='ltr'>ὅ(</span> <span class='ocrx_word' id='word_1_797' title='bbox 2112 1771 2189 1808; x_wconf 73' lang='lat' dir='ltr'>ideo</span> <span class='ocrx_word' id='word_1_798' title='bbox 2201 1770 2346 1821; x_wconf 80' lang='lat' dir='ltr'>praesup·</span> 
     </span>
     <span class='ocr_line' id='line_1_131' title="bbox 1457 1820 2344 1872; baseline 0.001 -15"><span class='ocrx_word' id='word_1_799' title='bbox 1457 1827 1556 1871; x_wconf 86' lang='lat' dir='ltr'>pouit</span> <span class='ocrx_word' id='word_1_800' title='bbox 1570 1823 1618 1864; x_wconf 89' lang='lat' dir='ltr'>id,</span> <span class='ocrx_word' id='word_1_801' title='bbox 1630 1826 1724 1872; x_wconf 84' lang='lat' dir='ltr'>quod</span> <span class='ocrx_word' id='word_1_802' title='bbox 1738 1825 1839 1860; x_wconf 80' lang='lat' dir='ltr'>debet</span> <span class='ocrx_word' id='word_1_803' title='bbox 1848 1824 1980 1859; x_wconf 83' lang='lat' dir='ltr'>alterari</span> <span class='ocrx_word' id='word_1_804' title='bbox 1992 1848 2004 1863; x_wconf 88' lang='lat'><strong>,</strong></span> <span class='ocrx_word' id='word_1_805' title='bbox 2014 1827 2047 1859; x_wconf 75' lang='grc' dir='ltr'>δι</span> <span class='ocrx_word' id='word_1_806' title='bbox 2058 1835 2116 1872; x_wconf 88' lang='lat' dir='ltr'>per</span> <span class='ocrx_word' id='word_1_807' title='bbox 2130 1820 2344 1870; x_wconf 85' lang='lat' dir='ltr'>consequens</span> 
     </span>
     <span class='ocr_line' id='line_1_132' title="bbox 1456 1873 2344 1922; baseline 0 -14"><span class='ocrx_word' id='word_1_808' title='bbox 1456 1886 1528 1909; x_wconf 85' lang='lat' dir='ltr'>non</span> <span class='ocrx_word' id='word_1_809' title='bbox 1543 1875 1648 1922; x_wconf 84' lang='lat' dir='ltr'>potest</span> <span class='ocrx_word' id='word_1_810' title='bbox 1666 1875 1750 1912; x_wconf 90' lang='lat' dir='ltr'>illud</span> <span class='ocrx_word' id='word_1_811' title='bbox 1763 1887 1885 1911; x_wconf 88' lang='lat' dir='ltr'>creare.</span> <span class='ocrx_word' id='word_1_812' title='bbox 1906 1877 1945 1911; x_wconf 82' lang='lat' dir='ltr'>Bt</span> <span class='ocrx_word' id='word_1_813' title='bbox 1961 1873 2032 1910; x_wconf 78' lang='lat' dir='ltr'>haec</span> <span class='ocrx_word' id='word_1_814' title='bbox 2046 1878 2135 1910; x_wconf 86' lang='lat' dir='ltr'>ratio</span> <span class='ocrx_word' id='word_1_815' title='bbox 2147 1873 2344 1920; x_wconf 88' lang='lat' dir='ltr'>aliquorum</span> 
     </span>
     <span class='ocr_line' id='line_1_133' title="bbox 1455 1923 2344 1976; baseline -0.001 -16"><span class='ocrx_word' id='word_1_816' title='bbox 1455 1925 1566 1961; x_wconf 83' lang='lat' dir='ltr'>valeat</span> <span class='ocrx_word' id='word_1_817' title='bbox 1578 1938 1745 1972; x_wconf 84' lang='lat' dir='ltr'>quantum</span> <span class='ocrx_word' id='word_1_818' title='bbox 1767 1926 1876 1975; x_wconf 88' lang='lat' dir='ltr'>potest</span> <span class='ocrx_word' id='word_1_819' title='bbox 1889 1939 1897 1961; x_wconf 73' lang='grc' dir='ltr'><strong>ε</strong></span> <span class='ocrx_word' id='word_1_820' title='bbox 1910 1938 1983 1961; x_wconf 87' lang='lat' dir='ltr'>non</span> <span class='ocrx_word' id='word_1_821' title='bbox 1996 1926 2130 1976; x_wconf 71' lang='lat' dir='ltr'>videtur</span> <span class='ocrx_word' id='word_1_822' title='bbox 2145 1924 2230 1960; x_wconf 81' lang='lat' dir='ltr'>mihi</span> <span class='ocrx_word' id='word_1_823' title='bbox 2249 1923 2344 1973; x_wconf 71' lang='lat' dir='ltr'>quod</span> 
     </span>
     <span class='ocr_line' id='line_1_134' title="bbox 1455 1975 2342 2013; baseline 0 -2"><span class='ocrx_word' id='word_1_824' title='bbox 1455 1976 1541 2013; x_wconf 67' lang='lat' dir='ltr'>adeo</span> <span class='ocrx_word' id='word_1_825' title='bbox 1557 1977 1667 2012; x_wconf 88' lang='lat' dir='ltr'>valeat</span> <span class='ocrx_word' id='word_1_826' title='bbox 1691 1980 1744 2013; x_wconf 89' lang='lat' dir='ltr'>De</span> <span class='ocrx_word' id='word_1_827' title='bbox 1759 1977 1826 2013; x_wconf 92' lang='lat' dir='ltr'>hoc</span> <span class='ocrx_word' id='word_1_828' title='bbox 1837 1977 1919 2012; x_wconf 72' lang='lat' dir='ltr'>alias</span> <span class='ocrx_word' id='word_1_829' title='bbox 1934 1975 1972 2013; x_wconf 42' lang='grc' dir='ltr'>ἦ.</span> <span class='ocrx_word' id='word_1_830' title='bbox 1982 1977 2048 2013; x_wconf 80' lang='lat' dir='ltr'>Sed</span> <span class='ocrx_word' id='word_1_831' title='bbox 2062 1977 2104 2013; x_wconf 91' lang='lat' dir='ltr'>de</span> <span class='ocrx_word' id='word_1_832' title='bbox 2118 1989 2231 2013; x_wconf 83' lang='lat' dir='ltr'>anima</span> <span class='ocrx_word' id='word_1_833' title='bbox 2243 1975 2342 2011; x_wconf 79' lang='lat' dir='ltr'>imel-</span> 
     </span>
     <span class='ocr_line' id='line_1_135' title="bbox 1456 2027 2343 2077; baseline -0.001 -14"><span class='ocrx_word' id='word_1_834' title='bbox 1456 2027 1580 2063; x_wconf 70' lang='lat' dir='ltr'>lefflua</span> <span class='ocrx_word' id='word_1_835' title='bbox 1592 2052 1602 2068; x_wconf 94' lang='lat'><strong>‚</strong></span> <span class='ocrx_word' id='word_1_836' title='bbox 1613 2029 1709 2077; x_wconf 73' lang='lat' dir='ltr'>quod</span> <span class='ocrx_word' id='word_1_837' title='bbox 1733 2041 1804 2063; x_wconf 91' lang='lat' dir='ltr'>non</span> <span class='ocrx_word' id='word_1_838' title='bbox 1818 2029 1927 2077; x_wconf 77' lang='lat' dir='ltr'>potest</span> <span class='ocrx_word' id='word_1_839' title='bbox 1948 2030 2051 2063; x_wconf 85' lang='lat' dir='ltr'>creari</span> <span class='ocrx_word' id='word_1_840' title='bbox 2067 2028 2086 2063; x_wconf 73' lang='lat' dir='ltr'>a</span> <span class='ocrx_word' id='word_1_841' title='bbox 2104 2039 2271 2076; x_wconf 83' lang='lat' dir='ltr'>corpore,</span> <span class='ocrx_word' id='word_1_842' title='bbox 2286 2039 2343 2075; x_wconf 87' lang='lat' dir='ltr'>pa-</span> 
     </span>
     <span class='ocr_line' id='line_1_136' title="bbox 1456 2077 2339 2127; baseline -0.002 -13"><span class='ocrx_word' id='word_1_843' title='bbox 1456 2090 1505 2114; x_wconf 91' lang='lat' dir='ltr'>tet</span> <span class='ocrx_word' id='word_1_844' title='bbox 1519 2104 1529 2119; x_wconf 91' lang='lat'><strong>,</strong></span> <span class='ocrx_word' id='word_1_845' title='bbox 1549 2082 1630 2126; x_wconf 86' lang='lat' dir='ltr'>quia</span> <span class='ocrx_word' id='word_1_846' title='bbox 1653 2079 1699 2115; x_wconf 85' lang='lat' dir='ltr'>est</span> <span class='ocrx_word' id='word_1_847' title='bbox 1721 2078 1875 2116; x_wconf 87' lang='lat' dir='ltr'>nobilior</span> <span class='ocrx_word' id='word_1_848' title='bbox 1897 2081 1994 2115; x_wconf 90' lang='lat' dir='ltr'>omni</span> <span class='ocrx_word' id='word_1_849' title='bbox 2020 2077 2134 2115; x_wconf 89' lang='lat' dir='ltr'>forma</span> <span class='ocrx_word' id='word_1_850' title='bbox 2157 2077 2339 2127; x_wconf 82' lang='lat' dir='ltr'>corporali,</span> 
     </span>
     <span class='ocr_line' id='line_1_137' title="bbox 1456 2128 2346 2179; baseline -0.001 -15"><span class='ocrx_word' id='word_1_851' title='bbox 1456 2142 1520 2164; x_wconf 89' lang='lat' dir='ltr'>nec</span> <span class='ocrx_word' id='word_1_852' title='bbox 1538 2129 1580 2164; x_wconf 91' lang='lat' dir='ltr'>ab</span> <span class='ocrx_word' id='word_1_853' title='bbox 1602 2131 1760 2179; x_wconf 80' lang='lat' dir='ltr'>Angelo,</span> <span class='ocrx_word' id='word_1_854' title='bbox 1773 2142 1808 2166; x_wconf 91' lang='grc' dir='ltr'>νε</span> <span class='ocrx_word' id='word_1_855' title='bbox 1825 2131 1918 2179; x_wconf 71' lang='lat' dir='ltr'>prius</span> <span class='ocrx_word' id='word_1_856' title='bbox 1939 2128 2122 2178; x_wconf 79' lang='lat' dir='ltr'>probatum</span> <span class='ocrx_word' id='word_1_857' title='bbox 2145 2129 2188 2165; x_wconf 80' lang='lat' dir='ltr'>est</span> <span class='ocrx_word' id='word_1_858' title='bbox 2201 2142 2211 2170; x_wconf 76' lang='lat'>3</span> <span class='ocrx_word' id='word_1_859' title='bbox 2224 2141 2307 2177; x_wconf 89' lang='lat' dir='ltr'>ergo</span> <span class='ocrx_word' id='word_1_860' title='bbox 2326 2128 2346 2163; x_wconf 69' lang='lat' dir='ltr'>a</span> 
     </span>
     <span class='ocr_line' id='line_1_138' title="bbox 1456 2178 1637 2215; baseline -0.011 -1"><span class='ocrx_word' id='word_1_861' title='bbox 1456 2178 1531 2215; x_wconf 90' lang='lat' dir='ltr'>solo</span> <span class='ocrx_word' id='word_1_862' title='bbox 1546 2181 1637 2215; x_wconf 84' lang='lat' dir='ltr'>Deo.</span> 
     </span>
    </p>

    <p class='ocr_par' dir='ltr' id='par_1_17' title="bbox 1455 2227 2345 2526">
     <span class='ocr_line' id='line_1_139' title="bbox 1505 2227 2345 2281; baseline 0.002 -17"><span class='ocrx_word' id='word_1_863' title='bbox 1505 2230 1560 2281; x_wconf 82' lang='lat' dir='ltr'>De</span> <span class='ocrx_word' id='word_1_864' title='bbox 1570 2232 1679 2279; x_wconf 86' lang='lat' dir='ltr'>gratia</span> <span class='ocrx_word' id='word_1_865' title='bbox 1690 2255 1700 2270; x_wconf 92' lang='lat'><em>‚</em></span> <span class='ocrx_word' id='word_1_866' title='bbox 1715 2229 1808 2278; x_wconf 72' lang='lat' dir='ltr'>quod</span> <span class='ocrx_word' id='word_1_867' title='bbox 1829 2228 1847 2265; x_wconf 70' lang='lat' dir='ltr'>a</span> <span class='ocrx_word' id='word_1_868' title='bbox 1860 2227 1934 2265; x_wconf 87' lang='lat' dir='ltr'>solo</span> <span class='ocrx_word' id='word_1_869' title='bbox 1954 2231 2031 2265; x_wconf 90' lang='lat' dir='ltr'>Deo</span> <span class='ocrx_word' id='word_1_870' title='bbox 2044 2227 2144 2279; x_wconf 85' lang='lat' dir='ltr'>poffit</span> <span class='ocrx_word' id='word_1_871' title='bbox 2157 2231 2262 2265; x_wconf 89' lang='lat' dir='ltr'>creari</span> <span class='ocrx_word' id='word_1_872' title='bbox 2277 2254 2287 2269; x_wconf 89' lang='lat'><em>,</em></span> <span class='ocrx_word' id='word_1_873' title='bbox 2300 2227 2345 2266; x_wconf 83' lang='lat' dir='ltr'>fic</span> 
     </span>
     <span class='ocr_line' id='line_1_140' title="bbox 1456 2280 2345 2329; baseline 0 -13"><span class='ocrx_word' id='word_1_874' title='bbox 1456 2281 1667 2322; x_wconf 80' lang='lat' dir='ltr'>ostenditur3</span> <span class='ocrx_word' id='word_1_875' title='bbox 1682 2284 1801 2317; x_wconf 87' lang='lat' dir='ltr'>Gratia</span> <span class='ocrx_word' id='word_1_876' title='bbox 1814 2281 1859 2316; x_wconf 76' lang='lat' dir='ltr'>cst</span> <span class='ocrx_word' id='word_1_877' title='bbox 1873 2284 1961 2316; x_wconf 88' lang='lat' dir='ltr'>tatio</span> <span class='ocrx_word' id='word_1_878' title='bbox 1974 2280 2130 2317; x_wconf 87' lang='lat' dir='ltr'>formalis</span> <span class='ocrx_word' id='word_1_879' title='bbox 2141 2283 2345 2329; x_wconf 86' lang='lat' dir='ltr'>acceptatio-</span> 
     </span>
     <span class='ocr_line' id='line_1_141' title="bbox 1455 2331 2336 2380; baseline 0.001 -14"><span class='ocrx_word' id='word_1_880' title='bbox 1455 2335 1509 2367; x_wconf 87' lang='lat' dir='ltr'>nis</span> <span class='ocrx_word' id='word_1_881' title='bbox 1529 2335 1649 2368; x_wconf 81' lang='lat' dir='ltr'>animae</span> <span class='ocrx_word' id='word_1_882' title='bbox 1660 2333 1768 2376; x_wconf 66' lang='lat' dir='ltr'>aDeo</span> <span class='ocrx_word' id='word_1_883' title='bbox 1783 2357 1793 2372; x_wconf 90' lang='lat'><strong>,</strong></span> <span class='ocrx_word' id='word_1_884' title='bbox 1806 2337 1842 2370; x_wconf 85' lang='lat'>&amp;</span> <span class='ocrx_word' id='word_1_885' title='bbox 1854 2345 1925 2367; x_wconf 89' lang='lat' dir='ltr'>non</span> <span class='ocrx_word' id='word_1_886' title='bbox 1939 2332 1984 2367; x_wconf 87' lang='lat' dir='ltr'>est</span> <span class='ocrx_word' id='word_1_887' title='bbox 1996 2331 2058 2367; x_wconf 81' lang='lat' dir='ltr'>nisi</span> <span class='ocrx_word' id='word_1_888' title='bbox 2069 2334 2163 2368; x_wconf 84' lang='lat' dir='ltr'>Deus</span> <span class='ocrx_word' id='word_1_889' title='bbox 2174 2357 2183 2372; x_wconf 84' lang='lat'><strong>,</strong></span> <span class='ocrx_word' id='word_1_890' title='bbox 2196 2334 2336 2380; x_wconf 83' lang='lat' dir='ltr'>quiani—</span> 
     </span>
     <span class='ocr_line' id='line_1_142' title="bbox 1456 2379 2342 2432; baseline 0.001 -15"><span class='ocrx_word' id='word_1_891' title='bbox 1456 2382 1507 2418; x_wconf 91' lang='lat' dir='ltr'>hil</span> <span class='ocrx_word' id='word_1_892' title='bbox 1521 2382 1611 2418; x_wconf 91' lang='lat' dir='ltr'>aliud</span> <span class='ocrx_word' id='word_1_893' title='bbox 1625 2379 1729 2419; x_wconf 86' lang='lat' dir='ltr'>efficit</span> <span class='ocrx_word' id='word_1_894' title='bbox 1742 2386 1777 2418; x_wconf 92' lang='lat' dir='ltr'>in</span> <span class='ocrx_word' id='word_1_895' title='bbox 1790 2386 1917 2424; x_wconf 87' lang='lat' dir='ltr'>anima,</span> <span class='ocrx_word' id='word_1_896' title='bbox 1928 2394 1963 2418; x_wconf 89' lang='lat' dir='ltr'>vr</span> <span class='ocrx_word' id='word_1_897' title='bbox 1975 2390 2169 2432; x_wconf 84' lang='lat' dir='ltr'>acceptetur</span> <span class='ocrx_word' id='word_1_898' title='bbox 2182 2395 2342 2430; x_wconf 85' lang='lat' dir='ltr'>tanquam</span> 
     </span>
     <span class='ocr_line' id='line_1_143' title="bbox 1455 2432 2343 2484; baseline 0.002 -16"><span class='ocrx_word' id='word_1_899' title='bbox 1455 2434 1561 2482; x_wconf 85' lang='lat' dir='ltr'>digna</span> <span class='ocrx_word' id='word_1_900' title='bbox 1583 2439 1655 2470; x_wconf 82' lang='lat' dir='ltr'>v‘ita</span> <span class='ocrx_word' id='word_1_901' title='bbox 1675 2446 1912 2484; x_wconf 84' lang='lat' dir='ltr'>aeterna;ergo</span> <span class='ocrx_word' id='word_1_902' title='bbox 1928 2436 2036 2483; x_wconf 86' lang='lat' dir='ltr'>gratia</span> <span class='ocrx_word' id='word_1_903' title='bbox 2061 2432 2283 2471; x_wconf 85' lang='lat' dir='ltr'>solummodo</span> <span class='ocrx_word' id='word_1_904' title='bbox 2297 2434 2343 2470; x_wconf 88' lang='lat' dir='ltr'>est</span> 
     </span>
     <span class='ocr_line' id='line_1_144' title="bbox 1457 2486 1579 2526; baseline 0.016 -7"><span class='ocrx_word' id='word_1_905' title='bbox 1457 2486 1475 2519; x_wconf 75' lang='grc' dir='ltr'>ὲ</span> <span class='ocrx_word' id='word_1_906' title='bbox 1490 2486 1579 2526; x_wconf 86' lang='lat' dir='ltr'>Deo.</span> 
     </span>
    </p>

    <p class='ocr_par' dir='ltr' id='par_1_18' title="bbox 1455 2536 2345 2930">
     <span class='ocr_line' id='line_1_145' title="bbox 1505 2536 2343 2585; baseline 0.002 -15"><span class='ocrx_word' id='word_1_907' title='bbox 1505 2539 1592 2571; x_wconf 88' lang='lat' dir='ltr'>Item</span> <span class='ocrx_word' id='word_1_908' title='bbox 1616 2560 1627 2576; x_wconf 93' lang='lat'>,</span> <span class='ocrx_word' id='word_1_909' title='bbox 1649 2537 1761 2585; x_wconf 67' lang='lat' dir='ltr'>gratia</span> <span class='ocrx_word' id='word_1_910' title='bbox 1781 2538 1817 2571; x_wconf 87' lang='lat' dir='ltr'>in</span> <span class='ocrx_word' id='word_1_911' title='bbox 1842 2547 1957 2572; x_wconf 89' lang='lat' dir='ltr'>mente</span> <span class='ocrx_word' id='word_1_912' title='bbox 1975 2536 2112 2572; x_wconf 87' lang='lat' dir='ltr'>ordinat</span> <span class='ocrx_word' id='word_1_913' title='bbox 2133 2537 2281 2572; x_wconf 88' lang='lat' dir='ltr'>animam</span> <span class='ocrx_word' id='word_1_914' title='bbox 2301 2536 2343 2572; x_wconf 87' lang='lat' dir='ltr'>ad</span> 
     </span>
     <span class='ocr_line' id='line_1_146' title="bbox 1455 2584 2345 2637; baseline 0.001 -15"><span class='ocrx_word' id='word_1_915' title='bbox 1455 2588 1623 2627; x_wconf 90' lang='lat' dir='ltr'>Dcum,vt</span> <span class='ocrx_word' id='word_1_916' title='bbox 1634 2589 1675 2622; x_wconf 83' lang='lat' dir='ltr'>ad</span> <span class='ocrx_word' id='word_1_917' title='bbox 1689 2586 1790 2623; x_wconf 86' lang='lat' dir='ltr'>finem</span> <span class='ocrx_word' id='word_1_918' title='bbox 1801 2585 1960 2623; x_wconf 86' lang='lat' dir='ltr'>vltimum</span> <span class='ocrx_word' id='word_1_919' title='bbox 1975 2602 1985 2630; x_wconf 67' lang='grc' dir='ltr'><strong>ς</strong></span> <span class='ocrx_word' id='word_1_920' title='bbox 2001 2584 2054 2623; x_wconf 88' lang='lat' dir='ltr'>sed</span> <span class='ocrx_word' id='word_1_921' title='bbox 2069 2591 2216 2637; x_wconf 84' lang='lat' dir='ltr'>primum</span> <span class='ocrx_word' id='word_1_922' title='bbox 2227 2599 2345 2636; x_wconf 83' lang='lat' dir='ltr'>agens,</span> 
     </span>
     <span class='ocr_line' id='line_1_147' title="bbox 1456 2636 2345 2688; baseline 0 -14"><span class='ocrx_word' id='word_1_923' title='bbox 1456 2642 1490 2674; x_wconf 91' lang='lat'>&amp;</span> <span class='ocrx_word' id='word_1_924' title='bbox 1507 2638 1646 2674; x_wconf 86' lang='lat' dir='ltr'>vltimus</span> <span class='ocrx_word' id='word_1_925' title='bbox 1660 2638 1738 2675; x_wconf 85' lang='lat' dir='ltr'>finis</span> <span class='ocrx_word' id='word_1_926' title='bbox 1751 2641 1898 2674; x_wconf 87' lang='lat' dir='ltr'>inuicem</span> <span class='ocrx_word' id='word_1_927' title='bbox 1913 2638 1971 2674; x_wconf 85' lang='lat' dir='ltr'>fibi</span> <span class='ocrx_word' id='word_1_928' title='bbox 1988 2636 2345 2688; x_wconf 83' lang='lat' dir='ltr'>correspondent;illa</span> 
     </span>
     <span class='ocr_line' id='line_1_148' title="bbox 1456 2688 2345 2738; baseline 0 -14"><span class='ocrx_word' id='word_1_929' title='bbox 1456 2702 1539 2738; x_wconf 87' lang='lat' dir='ltr'>ergo</span> <span class='ocrx_word' id='word_1_930' title='bbox 1562 2688 1694 2730; x_wconf 87' lang='lat' dir='ltr'>forma,</span> <span class='ocrx_word' id='word_1_931' title='bbox 1708 2702 1781 2738; x_wconf 83' lang='lat' dir='ltr'>quae</span> <span class='ocrx_word' id='word_1_932' title='bbox 1800 2688 1908 2725; x_wconf 74' lang='lat' dir='ltr'>solum</span> <span class='ocrx_word' id='word_1_933' title='bbox 1924 2695 1975 2729; x_wconf 75' lang='grc' dir='ltr'>,δι</span> <span class='ocrx_word' id='word_1_934' title='bbox 1990 2689 2136 2726; x_wconf 74' lang='lat' dir='ltr'>maxime</span> <span class='ocrx_word' id='word_1_935' title='bbox 2156 2690 2345 2725; x_wconf 71' lang='lat' dir='ltr'>ordinaria</span> 
     </span>
     <span class='ocr_line' id='line_1_149' title="bbox 1458 2737 2344 2789; baseline 0 -14"><span class='ocrx_word' id='word_1_936' title='bbox 1458 2740 1615 2776; x_wconf 85' lang='lat' dir='ltr'>vltimum</span> <span class='ocrx_word' id='word_1_937' title='bbox 1638 2739 1823 2780; x_wconf 85' lang='lat' dir='ltr'>fineni,est</span> <span class='ocrx_word' id='word_1_938' title='bbox 1838 2737 1947 2776; x_wconf 72' lang='lat' dir='ltr'>solum</span> <span class='ocrx_word' id='word_1_939' title='bbox 1971 2745 2005 2778; x_wconf 72' lang='grc' dir='ltr'>δι</span> <span class='ocrx_word' id='word_1_940' title='bbox 2028 2741 2174 2777; x_wconf 68' lang='lat' dir='ltr'>maxime</span> <span class='ocrx_word' id='word_1_941' title='bbox 2189 2739 2207 2776; x_wconf 75' lang='grc' dir='ltr'>ὲ</span> <span class='ocrx_word' id='word_1_942' title='bbox 2230 2742 2344 2789; x_wconf 87' lang='lat' dir='ltr'>primo</span> 
     </span>
     <span class='ocr_line' id='line_1_150' title="bbox 1456 2790 2345 2839; baseline 0 -13"><span class='ocrx_word' id='word_1_943' title='bbox 1456 2803 1599 2839; x_wconf 87' lang='lat' dir='ltr'>agenie;</span> <span class='ocrx_word' id='word_1_944' title='bbox 1613 2792 1711 2827; x_wconf 85' lang='lat' dir='ltr'>aliter</span> <span class='ocrx_word' id='word_1_945' title='bbox 1729 2804 1801 2829; x_wconf 89' lang='lat' dir='ltr'>non</span> <span class='ocrx_word' id='word_1_946' title='bbox 1827 2791 1967 2828; x_wconf 87' lang='lat' dir='ltr'>haberet</span> <span class='ocrx_word' id='word_1_947' title='bbox 1990 2805 2028 2827; x_wconf 90' lang='lat' dir='ltr'>ex</span> <span class='ocrx_word' id='word_1_948' title='bbox 2043 2790 2076 2829; x_wconf 91' lang='lat' dir='ltr'>se</span> <span class='ocrx_word' id='word_1_949' title='bbox 2099 2791 2259 2827; x_wconf 87' lang='lat' dir='ltr'>ordinare</span> <span class='ocrx_word' id='word_1_950' title='bbox 2269 2792 2345 2826; x_wconf 84' lang='lat' dir='ltr'>ani-</span> 
     </span>
     <span class='ocr_line' id='line_1_151' title="bbox 1457 2839 2344 2892; baseline 0.002 -16"><span class='ocrx_word' id='word_1_951' title='bbox 1457 2855 1547 2878; x_wconf 85' lang='lat' dir='ltr'>main</span> <span class='ocrx_word' id='word_1_952' title='bbox 1574 2843 1614 2878; x_wconf 90' lang='lat' dir='ltr'>ad</span> <span class='ocrx_word' id='word_1_953' title='bbox 1642 2842 1800 2879; x_wconf 86' lang='lat' dir='ltr'>vltimum</span> <span class='ocrx_word' id='word_1_954' title='bbox 1825 2840 1929 2879; x_wconf 86' lang='lat' dir='ltr'>finem</span> <span class='ocrx_word' id='word_1_955' title='bbox 1953 2857 1962 2884; x_wconf 67' lang='grc' dir='ltr'>ς</span> <span class='ocrx_word' id='word_1_956' title='bbox 1984 2845 2094 2892; x_wconf 86' lang='lat' dir='ltr'>gratia</span> <span class='ocrx_word' id='word_1_957' title='bbox 2116 2855 2200 2892; x_wconf 84' lang='lat' dir='ltr'>ergo</span> <span class='ocrx_word' id='word_1_958' title='bbox 2222 2841 2242 2877; x_wconf 69' lang='grc' dir='ltr'>ὲ</span> <span class='ocrx_word' id='word_1_959' title='bbox 2268 2839 2344 2878; x_wconf 89' lang='lat' dir='ltr'>solo</span> 
     </span>
     <span class='ocr_line' id='line_1_152' title="bbox 1455 2895 1688 2930; baseline 0.004 -1"><span class='ocrx_word' id='word_1_960' title='bbox 1455 2895 1534 2929; x_wconf 91' lang='lat' dir='ltr'>Deo</span> <span class='ocrx_word' id='word_1_961' title='bbox 1546 2905 1688 2930; x_wconf 82' lang='lat' dir='ltr'>creatur.</span> 
     </span>
    </p>

    <p class='ocr_par' dir='ltr' id='par_1_19' title="bbox 1456 2942 2346 3339">
     <span class='ocr_line' id='line_1_153' title="bbox 1507 2942 2345 2994; baseline 0.001 -14"><span class='ocrx_word' id='word_1_962' title='bbox 1507 2945 1744 2992; x_wconf 81' lang='lat' dir='ltr'>Confirmatur</span> <span class='ocrx_word' id='word_1_963' title='bbox 1756 2956 1814 2993; x_wconf 88' lang='lat' dir='ltr'>per</span> <span class='ocrx_word' id='word_1_964' title='bbox 1826 2942 2160 2994; x_wconf 84' lang='lat' dir='ltr'>Augustinnm,lib.8.</span> <span class='ocrx_word' id='word_1_965' title='bbox 2171 2943 2307 2992; x_wconf 85' lang='lat' dir='ltr'>quaest.5</span> <span class='ocrx_word' id='word_1_966' title='bbox 2316 2957 2345 2990; x_wconf 84' lang='lat'>3.</span> 
     </span>
     <span class='ocr_line' id='line_1_154' title="bbox 1457 2996 2344 3045; baseline 0 -15"><span class='ocrx_word' id='word_1_967' title='bbox 1457 2999 1515 3044; x_wconf 89' lang='lat' dir='ltr'>qui</span> <span class='ocrx_word' id='word_1_968' title='bbox 1541 2997 1662 3033; x_wconf 85' lang='lat' dir='ltr'>eodem</span> <span class='ocrx_word' id='word_1_969' title='bbox 1699 2997 1805 3031; x_wconf 84' lang='lat' dir='ltr'>modo</span> <span class='ocrx_word' id='word_1_970' title='bbox 1834 2997 1945 3045; x_wconf 81' lang='lat' dir='ltr'>arguit</span> <span class='ocrx_word' id='word_1_971' title='bbox 1968 2996 2010 3031; x_wconf 92' lang='lat' dir='ltr'>de</span> <span class='ocrx_word' id='word_1_972' title='bbox 2029 2998 2194 3036; x_wconf 85' lang='lat' dir='ltr'>veritate,</span> <span class='ocrx_word' id='word_1_973' title='bbox 2210 2996 2344 3035; x_wconf 85' lang='lat' dir='ltr'>dicens,</span> 
     </span>
     <span class='ocr_line' id='line_1_155' title="bbox 1458 3044 2346 3096; baseline 0 -15"><span class='ocrx_word' id='word_1_974' title='bbox 1458 3050 1547 3082; x_wconf 80' lang='lat' dir='ltr'>Deus</span> <span class='ocrx_word' id='word_1_975' title='bbox 1559 3057 1618 3095; x_wconf 85' lang='lat' dir='ltr'>per</span> <span class='ocrx_word' id='word_1_976' title='bbox 1630 3048 1764 3096; x_wconf 73' lang='lat' dir='ltr'>seipsi&#39;cm</span> <span class='ocrx_word' id='word_1_977' title='bbox 1781 3049 1928 3080; x_wconf 79' lang='lat' dir='ltr'>neminem</span> <span class='ocrx_word' id='word_1_978' title='bbox 1944 3044 2056 3095; x_wconf 76' lang='lat' dir='ltr'>decipit</span> <span class='ocrx_word' id='word_1_979' title='bbox 2076 3071 2088 3087; x_wconf 91' lang='lat'>,</span> <span class='ocrx_word' id='word_1_980' title='bbox 2110 3044 2151 3091; x_wconf 86' lang='lat' dir='ltr'>est</span> <span class='ocrx_word' id='word_1_981' title='bbox 2171 3047 2251 3080; x_wconf 83' lang='lat' dir='ltr'>em‘m</span> <span class='ocrx_word' id='word_1_982' title='bbox 2266 3056 2346 3095; x_wconf 68' lang='lat' dir='ltr'>pura</span> 
     </span>
     <span class='ocr_line' id='line_1_156' title="bbox 1456 3093 2345 3146; baseline -0.001 -14"><span class='ocrx_word' id='word_1_983' title='bbox 1456 3099 1600 3132; x_wconf 66' lang='lat' dir='ltr'>veritatis</span> <span class='ocrx_word' id='word_1_984' title='bbox 1612 3122 1622 3138; x_wconf 91' lang='lat'>,</span> <span class='ocrx_word' id='word_1_985' title='bbox 1635 3100 1673 3135; x_wconf 46' lang='grc' dir='ltr'>εἴ</span> <span class='ocrx_word' id='word_1_986' title='bbox 1690 3098 1806 3143; x_wconf 74' lang='lat' dir='ltr'>iustitie</span> <span class='ocrx_word' id='word_1_987' title='bbox 1817 3123 1828 3138; x_wconf 90' lang='lat'>,</span> <span class='ocrx_word' id='word_1_988' title='bbox 1840 3093 1941 3146; x_wconf 60' lang='lat' dir='ltr'>dignis</span> <span class='ocrx_word' id='word_1_989' title='bbox 1966 3108 2069 3132; x_wconf 75' lang='lat' dir='ltr'>tamen</span> <span class='ocrx_word' id='word_1_990' title='bbox 2086 3096 2181 3145; x_wconf 71' lang='lat' dir='ltr'>digna</span> <span class='ocrx_word' id='word_1_991' title='bbox 2201 3094 2345 3138; x_wconf 76' lang='lat' dir='ltr'>tribuens,</span> 
     </span>
     <span class='ocr_line' id='line_1_157' title="bbox 1456 3146 2345 3198; baseline 0 -16"><span class='ocrx_word' id='word_1_992' title='bbox 1456 3151 1529 3195; x_wconf 76' lang='lat' dir='ltr'>quia</span> <span class='ocrx_word' id='word_1_993' title='bbox 1552 3147 1606 3184; x_wconf 74' lang='lat' dir='ltr'>hac</span> <span class='ocrx_word' id='word_1_994' title='bbox 1627 3150 1759 3198; x_wconf 74' lang='lat' dir='ltr'>pertinet</span> <span class='ocrx_word' id='word_1_995' title='bbox 1778 3148 1822 3183; x_wconf 74' lang='lat' dir='ltr'>ad</span> <span class='ocrx_word' id='word_1_996' title='bbox 1839 3150 2001 3183; x_wconf 74' lang='lat' dir='ltr'>veritatem</span> <span class='ocrx_word' id='word_1_997' title='bbox 2017 3174 2026 3188; x_wconf 91' lang='lat'><strong>,</strong></span> <span class='ocrx_word' id='word_1_998' title='bbox 2048 3149 2086 3186; x_wconf 64' lang='grc' dir='ltr'><em>ὠ</em></span> <span class='ocrx_word' id='word_1_999' title='bbox 2109 3146 2280 3193; x_wconf 73' lang='lat' dir='ltr'>iustitiam,</span> <span class='ocrx_word' id='word_1_1000' title='bbox 2307 3158 2345 3182; x_wconf 79' lang='lat' dir='ltr'>ve</span> 
     </span>
     <span class='ocr_line' id='line_1_158' title="bbox 1456 3197 2345 3248; baseline -0.001 -13"><span class='ocrx_word' id='word_1_1001' title='bbox 1456 3202 1549 3235; x_wconf 82' lang='lat' dir='ltr'>omnis</span> <span class='ocrx_word' id='word_1_1002' title='bbox 1558 3202 1724 3248; x_wconf 67' lang='lat' dir='ltr'>pramiemr</span> <span class='ocrx_word' id='word_1_1003' title='bbox 1738 3211 1794 3248; x_wconf 80' lang='lat' dir='ltr'>pro</span> <span class='ocrx_word' id='word_1_1004' title='bbox 1810 3201 1933 3234; x_wconf 76' lang='lat' dir='ltr'>meritis.</span> <span class='ocrx_word' id='word_1_1005' title='bbox 1955 3202 1998 3234; x_wconf 89' lang='lat' dir='ltr'>Et</span> <span class='ocrx_word' id='word_1_1006' title='bbox 2012 3198 2055 3237; x_wconf 84' lang='lat' dir='ltr'>fic</span> <span class='ocrx_word' id='word_1_1007' title='bbox 2082 3211 2172 3248; x_wconf 83' lang='lat' dir='ltr'>pater</span> <span class='ocrx_word' id='word_1_1008' title='bbox 2194 3197 2345 3248; x_wconf 80' lang='lat' dir='ltr'>proposi-</span> 
     </span>
     <span class='ocr_line' id='line_1_159' title="bbox 1457 3249 2344 3300; baseline 0 -14"><span class='ocrx_word' id='word_1_1009' title='bbox 1457 3264 1529 3287; x_wconf 87' lang='lat' dir='ltr'>tum</span> <span class='ocrx_word' id='word_1_1010' title='bbox 1543 3249 1740 3299; x_wconf 79' lang='lat' dir='ltr'>specialibus</span> <span class='ocrx_word' id='word_1_1011' title='bbox 1750 3250 1955 3290; x_wconf 78' lang='lat' dir='ltr'>rationibus,</span> <span class='ocrx_word' id='word_1_1012' title='bbox 1966 3255 2130 3300; x_wconf 86' lang='lat' dir='ltr'>quoniam</span> <span class='ocrx_word' id='word_1_1013' title='bbox 2143 3262 2344 3286; x_wconf 81' lang='lat' dir='ltr'>communes</span> 
     </span>
     <span class='ocr_line' id='line_1_160' title="bbox 1458 3299 1986 3339; baseline -0.004 0"><span class='ocrx_word' id='word_1_1014' title='bbox 1458 3302 1526 3339; x_wconf 84' lang='lat' dir='ltr'>hoc</span> <span class='ocrx_word' id='word_1_1015' title='bbox 1536 3315 1607 3338; x_wconf 88' lang='lat' dir='ltr'>non</span> <span class='ocrx_word' id='word_1_1016' title='bbox 1623 3299 1788 3338; x_wconf 79' lang='lat' dir='ltr'>sufficiunt</span> <span class='ocrx_word' id='word_1_1017' title='bbox 1801 3303 1986 3338; x_wconf 86' lang='lat' dir='ltr'>ostendere.</span> 
     </span>
    </p>

    <p class='ocr_par' dir='ltr' id='par_1_20' title="bbox 1457 3351 2346 3814">
     <span class='ocr_line' id='line_1_161' title="bbox 1508 3351 2344 3402; baseline 0 -15"><span class='ocrx_word' id='word_1_1018' title='bbox 1508 3354 1560 3388; x_wconf 88' lang='lat' dir='ltr'>Ad</span> <span class='ocrx_word' id='word_1_1019' title='bbox 1573 3356 1715 3401; x_wconf 80' lang='lat' dir='ltr'>primam</span> <span class='ocrx_word' id='word_1_1020' title='bbox 1729 3356 1896 3388; x_wconf 86' lang='lat' dir='ltr'>rationem</span> <span class='ocrx_word' id='word_1_1021' title='bbox 1912 3353 2030 3388; x_wconf 86' lang='lat' dir='ltr'>dicunt</span> <span class='ocrx_word' id='word_1_1022' title='bbox 2044 3351 2094 3388; x_wconf 87' lang='lat' dir='ltr'>illi</span> <span class='ocrx_word' id='word_1_1023' title='bbox 2110 3352 2151 3388; x_wconf 90' lang='lat' dir='ltr'>de</span> <span class='ocrx_word' id='word_1_1024' title='bbox 2164 3353 2272 3402; x_wconf 82' lang='lat' dir='ltr'>prima</span> <span class='ocrx_word' id='word_1_1025' title='bbox 2293 3365 2344 3387; x_wconf 86' lang='lat' dir='ltr'>ra-</span> 
     </span>
     <span class='ocr_line' id='line_1_162' title="bbox 1457 3403 2343 3453; baseline -0.001 -15"><span class='ocrx_word' id='word_1_1026' title='bbox 1457 3406 1555 3439; x_wconf 76' lang='lat' dir='ltr'>tio-ie</span> <span class='ocrx_word' id='word_1_1027' title='bbox 1576 3403 1722 3451; x_wconf 76' lang='lat' dir='ltr'>superius</span> <span class='ocrx_word' id='word_1_1028' title='bbox 1743 3403 1953 3453; x_wconf 74' lang='lat' dir='ltr'>improbata,</span> <span class='ocrx_word' id='word_1_1029' title='bbox 1967 3403 2061 3452; x_wconf 70' lang='lat' dir='ltr'>quod</span> <span class='ocrx_word' id='word_1_1030' title='bbox 2078 3417 2180 3452; x_wconf 81' lang='lat' dir='ltr'>agens</span> <span class='ocrx_word' id='word_1_1031' title='bbox 2200 3407 2343 3449; x_wconf 80' lang='lat' dir='ltr'>inquan-</span> 
     </span>
     <span class='ocr_line' id='line_1_163' title="bbox 1458 3451 2341 3503; baseline 0 -13"><span class='ocrx_word' id='word_1_1032' title='bbox 1458 3455 1530 3490; x_wconf 73' lang='lat' dir='ltr'>tum</span> <span class='ocrx_word' id='word_1_1033' title='bbox 1551 3458 1586 3490; x_wconf 91' lang='lat' dir='ltr'>in</span> <span class='ocrx_word' id='word_1_1034' title='bbox 1612 3457 1832 3501; x_wconf 82' lang='lat' dir='ltr'>Sacramcnro</span> <span class='ocrx_word' id='word_1_1035' title='bbox 1860 3455 2007 3491; x_wconf 47' lang='lat' dir='ltr'>inducit*</span> <span class='ocrx_word' id='word_1_1036' title='bbox 2022 3454 2172 3503; x_wconf 73' lang='lat' dir='ltr'>aliquam</span> <span class='ocrx_word' id='word_1_1037' title='bbox 2205 3451 2341 3503; x_wconf 86' lang='lat' dir='ltr'>dispofi·</span> 
     </span>
     <span class='ocr_line' id='line_1_164' title="bbox 1458 3504 2344 3556; baseline 0 -16"><span class='ocrx_word' id='word_1_1038' title='bbox 1458 3509 1589 3542; x_wconf 87' lang='lat' dir='ltr'>tionem</span> <span class='ocrx_word' id='word_1_1039' title='bbox 1617 3507 1766 3554; x_wconf 55' lang='lat' dir='ltr'>respectu</span> <span class='ocrx_word' id='word_1_1040' title='bbox 1791 3509 1908 3556; x_wconf 67' lang='lat' dir='ltr'>grati-‘e</span> <span class='ocrx_word' id='word_1_1041' title='bbox 1932 3531 1941 3545; x_wconf 86' lang='lat'>‚</span> <span class='ocrx_word' id='word_1_1042' title='bbox 1966 3504 2064 3542; x_wconf 81' lang='lat' dir='ltr'>habet</span> <span class='ocrx_word' id='word_1_1043' title='bbox 2089 3508 2252 3541; x_wconf 83' lang='lat' dir='ltr'>virtutem</span> <span class='ocrx_word' id='word_1_1044' title='bbox 2276 3530 2285 3545; x_wconf 87' lang='lat'>‚</span> <span class='ocrx_word' id='word_1_1045' title='bbox 2310 3518 2344 3541; x_wconf 89' lang='grc' dir='ltr'>νε</span> 
     </span>
     <span class='ocr_line' id='line_1_165' title="bbox 1457 3555 2346 3607; baseline 0.001 -16"><span class='ocrx_word' id='word_1_1046' title='bbox 1457 3569 1579 3603; x_wconf 82' lang='lat' dir='ltr'>corpus</span> <span class='ocrx_word' id='word_1_1047' title='bbox 1604 3569 1719 3607; x_wconf 85' lang='lat' dir='ltr'>tangat</span> <span class='ocrx_word' id='word_1_1048' title='bbox 1735 3583 1743 3595; x_wconf 88' lang='lat'>,</span> <span class='ocrx_word' id='word_1_1049' title='bbox 1757 3561 1791 3594; x_wconf 90' lang='lat'>&amp;</span> <span class='ocrx_word' id='word_1_1050' title='bbox 1811 3570 1869 3593; x_wconf 89' lang='lat' dir='ltr'>cor</span> <span class='ocrx_word' id='word_1_1051' title='bbox 1891 3555 2091 3593; x_wconf 65' lang='lat' dir='ltr'>abiimused</span> <span class='ocrx_word' id='word_1_1052' title='bbox 2115 3556 2165 3591; x_wconf 83' lang='lat' dir='ltr'>isti</span> <span class='ocrx_word' id='word_1_1053' title='bbox 2187 3557 2346 3592; x_wconf 77' lang='lat' dir='ltr'>videntur</span> 
     </span>
     <span class='ocr_line' id='line_1_166' title="bbox 1458 3605 2345 3657; baseline -0.001 -14"><span class='ocrx_word' id='word_1_1054' title='bbox 1458 3606 1517 3649; x_wconf 78' lang='lat' dir='ltr'>fibi</span> <span class='ocrx_word' id='word_1_1055' title='bbox 1537 3606 1613 3657; x_wconf 80' lang='lat' dir='ltr'>ipsis</span> <span class='ocrx_word' id='word_1_1056' title='bbox 1627 3633 1637 3648; x_wconf 93' lang='lat'>‚</span> <span class='ocrx_word' id='word_1_1057' title='bbox 1661 3613 1695 3644; x_wconf 89' lang='lat' dir='ltr'>in</span> <span class='ocrx_word' id='word_1_1058' title='bbox 1707 3608 1773 3644; x_wconf 85' lang='lat' dir='ltr'>alia</span> <span class='ocrx_word' id='word_1_1059' title='bbox 1787 3611 1919 3644; x_wconf 88' lang='lat' dir='ltr'>ratione</span> <span class='ocrx_word' id='word_1_1060' title='bbox 1937 3605 2086 3657; x_wconf 69' lang='lat' dir='ltr'>superius</span> <span class='ocrx_word' id='word_1_1061' title='bbox 2111 3605 2217 3656; x_wconf 78' lang='lat' dir='ltr'>posita</span> <span class='ocrx_word' id='word_1_1062' title='bbox 2235 3633 2246 3649; x_wconf 89' lang='lat'>‚</span> <span class='ocrx_word' id='word_1_1063' title='bbox 2259 3620 2345 3642; x_wconf 90' lang='lat' dir='ltr'>con-</span> 
     </span>
     <span class='ocr_line' id='line_1_167' title="bbox 1458 3658 2345 3708; baseline 0 -15"><span class='ocrx_word' id='word_1_1064' title='bbox 1458 3659 1712 3708; x_wconf 86' lang='lat' dir='ltr'>tradicere‚per</span> <span class='ocrx_word' id='word_1_1065' title='bbox 1732 3673 1832 3707; x_wconf 84' lang='lat' dir='ltr'>quam</span> <span class='ocrx_word' id='word_1_1066' title='bbox 1856 3658 2002 3706; x_wconf 84' lang='lat' dir='ltr'>probant</span> <span class='ocrx_word' id='word_1_1067' title='bbox 2023 3661 2117 3707; x_wconf 72' lang='lat' dir='ltr'>qnod</span> <span class='ocrx_word' id='word_1_1068' title='bbox 2139 3658 2233 3694; x_wconf 86' lang='lat' dir='ltr'>nulla</span> <span class='ocrx_word' id='word_1_1069' title='bbox 2255 3671 2345 3694; x_wconf 85' lang='lat' dir='ltr'>erea-</span> 
     </span>
     <span class='ocr_line' id='line_1_168' title="bbox 1458 3709 2345 3760; baseline -0.002 -15"><span class='ocrx_word' id='word_1_1070' title='bbox 1458 3721 1532 3745; x_wconf 80' lang='lat' dir='ltr'>tura</span> <span class='ocrx_word' id='word_1_1071' title='bbox 1566 3712 1675 3759; x_wconf 84' lang='lat' dir='ltr'>potest</span> <span class='ocrx_word' id='word_1_1072' title='bbox 1705 3709 1901 3760; x_wconf 71' lang='lat' dir='ltr'>dispofitiiit&#39;:</span> <span class='ocrx_word' id='word_1_1073' title='bbox 1936 3723 2034 3759; x_wconf 82' lang='lat' dir='ltr'>agere</span> <span class='ocrx_word' id='word_1_1074' title='bbox 2074 3710 2116 3746; x_wconf 87' lang='lat' dir='ltr'>ad</span> <span class='ocrx_word' id='word_1_1075' title='bbox 2161 3713 2345 3745; x_wconf 85' lang='lat' dir='ltr'>terminum</span> 
     </span>
     <span class='ocr_line' id='line_1_169' title="bbox 1457 3760 2346 3814; baseline -0.007 -14"><span class='ocrx_word' id='word_1_1076' title='bbox 1457 3763 1666 3806; x_wconf 83' lang='lat' dir='ltr'>creationis,</span> <span class='ocrx_word' id='word_1_1077' title='bbox 1689 3760 1744 3801; x_wconf 85' lang='lat' dir='ltr'>hic</span> <span class='ocrx_word' id='word_1_1078' title='bbox 1764 3773 1878 3802; x_wconf 85' lang='lat' dir='ltr'>autem</span> <span class='ocrx_word' id='word_1_1079' title='bbox 1902 3762 2022 3801; x_wconf 88' lang='lat' dir='ltr'>dicunt</span> <span class='ocrx_word' id='word_1_1080' title='bbox 2044 3774 2166 3814; x_wconf 79' lang='lat' dir='ltr'>aquam</span> <span class='ocrx_word' id='word_1_1081' title='bbox 2184 3761 2346 3798; x_wconf 83' lang='lat' dir='ltr'>inducere</span> 
     </span>
    </p>

    <p class='ocr_par' dir='ltr' id='par_1_21' title="bbox 2309 3823 2346 3850">
     <span class='ocr_line' id='line_1_170' title="bbox 2309 3823 2346 3850; baseline 0.027 -1"><span class='ocrx_word' id='word_1_1082' title='bbox 2309 3823 2346 3850; x_wconf 73' lang='lat' dir='ltr'>m</span> 
     </span>
    </p>
   </div>
   <div class='ocr_carea' id='block_1_11' title="bbox 2371 1159 2505 1194">
    <p class='ocr_par' dir='ltr' id='par_1_22' title="bbox 2371 1159 2505 1194">
     <span class='ocr_line' id='line_1_171' title="bbox 2371 1159 2505 1194; baseline 0.03 -4"><span class='ocrx_word' id='word_1_1083' title='bbox 2371 1159 2505 1194; x_wconf 66' lang='lat' dir='ltr'>nubem.</span> 
     </span>
    </p>
   </div>
   <div class='ocr_carea' id='block_1_12' title="bbox 2372 1416 2568 1533">
    <p class='ocr_par' dir='ltr' id='par_1_23' title="bbox 2372 1416 2568 1533">
     <span class='ocr_line' id='line_1_172' title="bbox 2372 1416 2568 1451; baseline 0.02 -4"><span class='ocrx_word' id='word_1_1084' title='bbox 2372 1416 2494 1449; x_wconf 74' lang='lat' dir='ltr'>soluitur</span> <span class='ocrx_word' id='word_1_1085' title='bbox 2526 1420 2568 1451; x_wconf 67' lang='lat' dir='ltr'>al</span> 
     </span>
     <span class='ocr_line' id='line_1_173' title="bbox 2372 1461 2566 1506; baseline 0.015 -17"><span class='ocrx_word' id='word_1_1086' title='bbox 2372 1469 2488 1506; x_wconf 60' lang='lat' dir='ltr'>mentm</span> <span class='ocrx_word' id='word_1_1087' title='bbox 2493 1461 2566 1492; x_wconf 73' lang='lat' dir='ltr'>alie-</span> 
     </span>
     <span class='ocr_line' id='line_1_174' title="bbox 2373 1510 2444 1533; baseline 0.014 -3"><span class='ocrx_word' id='word_1_1088' title='bbox 2373 1510 2444 1533; x_wconf 79' lang='lat' dir='ltr'>rum.</span> 
     </span>
    </p>
   </div>
   <div class='ocr_carea' id='block_1_13' title="bbox 2375 1973 2562 2056">
    <p class='ocr_par' dir='ltr' id='par_1_24' title="bbox 2375 1973 2562 2056">
     <span class='ocr_line' id='line_1_175' title="bbox 2375 1973 2562 2011; baseline 0.021 -10"><span class='ocrx_word' id='word_1_1089' title='bbox 2375 1973 2396 2001; x_wconf 81' lang='lat'>*</span> <span class='ocrx_word' id='word_1_1090' title='bbox 2411 1978 2445 2004; x_wconf 82' lang='lat' dir='ltr'>In</span> <span class='ocrx_word' id='word_1_1091' title='bbox 2456 1985 2482 2005; x_wconf 69' lang='grc' dir='ltr'>ι.</span> <span class='ocrx_word' id='word_1_1092' title='bbox 2495 1975 2519 2004; x_wconf 74' lang='lat' dir='ltr'>d.</span> <span class='ocrx_word' id='word_1_1093' title='bbox 2532 1987 2562 2011; x_wconf 77' lang='lat'>9.</span> 
     </span>
     <span class='ocr_line' id='line_1_176' title="bbox 2375 2016 2562 2056; baseline -0.005 0"><span class='ocrx_word' id='word_1_1094' title='bbox 2375 2016 2474 2056; x_wconf 44' lang='grc' dir='ltr'>αφά·</span> <span class='ocrx_word' id='word_1_1095' title='bbox 2485 2019 2562 2055; x_wconf 68' lang='grc' dir='ltr'><strong>ιῑ-ις·</strong></span> 
     </span>
    </p>
   </div>
   <div class='ocr_carea' id='block_1_14' title="bbox 2371 2245 2565 2445">
    <p class='ocr_par' dir='ltr' id='par_1_25' title="bbox 2371 2245 2565 2445">
     <span class='ocr_line' id='line_1_177' title="bbox 2440 2245 2503 2284; baseline 0.016 -14"><span class='ocrx_word' id='word_1_1096' title='bbox 2440 2245 2455 2270; x_wconf 89' lang='lat'>1</span> <span class='ocrx_word' id='word_1_1097' title='bbox 2462 2246 2503 2284; x_wconf 90' lang='lat'>7.</span> 
     </span>
     <span class='ocr_line' id='line_1_178' title="bbox 2374 2289 2513 2328; baseline 0 -12"><span class='ocrx_word' id='word_1_1098' title='bbox 2374 2289 2513 2328; x_wconf 68' lang='lat' dir='ltr'>Conclufio</span> 
     </span>
     <span class='ocr_line' id='line_1_179' title="bbox 2371 2337 2464 2359; baseline 0.011 -1"><span class='ocrx_word' id='word_1_1099' title='bbox 2371 2337 2464 2359; x_wconf 61' lang='lat' dir='ltr'>&#39;‘llll-</span> 
     </span>
     <span class='ocr_line' id='line_1_180' title="bbox 2372 2370 2565 2409; baseline 0.01 -9"><span class='ocrx_word' id='word_1_1100' title='bbox 2372 2373 2473 2401; x_wconf 68' lang='lat' dir='ltr'>Gratia</span> <span class='ocrx_word' id='word_1_1101' title='bbox 2483 2370 2502 2400; x_wconf 69' lang='lat' dir='ltr'>d</span> <span class='ocrx_word' id='word_1_1102' title='bbox 2507 2371 2565 2409; x_wconf 72' lang='lat' dir='ltr'>filo</span> 
     </span>
     <span class='ocr_line' id='line_1_181' title="bbox 2373 2415 2559 2445; baseline 0.022 -4"><span class='ocrx_word' id='word_1_1103' title='bbox 2373 2415 2430 2442; x_wconf 78' lang='lat' dir='ltr'>Deo</span> <span class='ocrx_word' id='word_1_1104' title='bbox 2440 2423 2559 2445; x_wconf 65' lang='lat' dir='ltr'>enum.</span> 
     </span>
    </p>
   </div>
   <div class='ocr_carea' id='block_1_15' title="bbox 2375 2947 2558 2990">
    <p class='ocr_par' dir='ltr' id='par_1_26' title="bbox 2375 2947 2558 2990">
     <span class='ocr_line' id='line_1_182' title="bbox 2375 2947 2558 2990; baseline 0.005 -10"><span class='ocrx_word' id='word_1_1105' title='bbox 2375 2947 2558 2990; x_wconf 57' lang='lat' dir='ltr'>Augustiana</span> 
     </span>
    </p>
   </div>
  </div>
 </body>
</html>
