2736 4042
1046 136 1411 244 Quaestio
1450 134 1622 227 IV.

370 273 490 310 vinae
505 273 540 306 in
548 282 640 309 nutu.
656 268 807 311 Secunda,
817 270 959 306 abacia
966 269 1272 321 pracedemftrmam

360 320 594 368 substinentiam
611 324 767 371 neceffaib
779 348 790 364 ,
809 324 949 371 qumis
964 335 1024 358 non
1044 321 1274 357 ruminetur-d

368 375 474 416 illam,
486 375 676 424 vtaedperse‘
697 373 1182 423 rewu‘m'm‚fidaedqulimem
1193 399 1203 415 ,
1216 373 1270 408 du·-

367 427 451 459 citur
470 436 572 461 tanen
588 427 680 472 cusi
701 427 782 460 ilius
803 424 980 474 difflatu
998 427 1038 464 ό·
1053 425 1158 460 affin
1177 436 1187 466 3
1205 436 1275 473 ego

358 475 507 521 semiliter
514 476 745 529 inpnpfieode
755 478 950 512 Saramene
960 477 1219 528 reqeflugraeaeiae.

228 580 266 619 8,
458 564 641 627 Espondeo
653 591 739 630 ergo
756 578 800 615 ad
819 579 1041 629 questionem
1056 581 1200 630 primam
1212 580 1270 618 ,δε

162 635 298 675 nesii-atio
309 647 337 676 ς.
369 582 552 671 Rdico,
562 631 658 679 quod
676 630 811 668 nullum
827 633 1084 667 Sacramentum
1097 630 1171 667 vilo
1192 640 1270 664 mo—

367 679 416 715 do
426 682 500 729 agit
508 681 550 716 ad
564 683 775 719 creationem
795 683 912 731 gratiae
920 705 931 722 ,
944 693 1008 718 nec
1019 679 1270 732 principaliter,

366 741 431 765 nec
443 731 760 774 instrumentaliter,
770 744 835 769 nec
842 730 1040 782 dispositiue
1050 745 1109 782 per
1117 733 1268 780 aliquam

365 781 539 817 astionem
563 780 852 833 supernaturalem
868 787 997 821 virtute
1017 783 1162 821 alicuius
1177 782 1265 819 alte-

365 835 438 868 rius
462 833 506 868 ad
537 836 696 883 gratiam,
734 833 850 871 Habet
875 846 992 872 tamen
1010 836 1267 871 Sacramentum

364 883 537 931 quandam
550 886 723 921 actionem
736 885 925 923 naturalem
936 911 948 927 ‚
959 898 997 922 vt
1010 898 1099 935 aqua
1108 898 1187 923 cum
1195 896 1268 921 ver-

363 931 420 969 bis
441 936 478 969 in
495 935 719 973 Sacramento
739 935 903 987 Baptismi
921 935 1059 974 abluere
1076 936 1267 974 habetcor-

362 995 439 1032 ΡΜ,
450 997 526 1034 quae
536 987 647 1036 potest
655 989 724 1024 dici
733 991 826 1026 astio
837 989 1103 1025 instrumentalis
1114 988 1268 1037 respedu

361 1039 596 1085 gratiae,quia
611 1037 779 1088 significat
797 1040 1015 1078 ablutionem
1038 1044 1159 1076 animae
1178 1042 1266 1075 inte-

365 1089 513 1128 riorem,
530 1101 589 1137 per
601 1093 746 1139 gratiam
758 1117 769 1133 ,
784 1105 859 1141 quae
869 1093 915 1129 est
928 1091 977 1128 ibi
986 1093 1079 1128 aetio
1093 1093 1265 1142 principa-

189 1140 333 1183 Dispositio
364 1136 407 1173 lis
417 1162 430 1178 ,
445 1149 482 1173 vt
494 1138 538 1175 sic
556 1141 814 1180 Sacramentum
831 1144 969 1195 proprie
977 1145 1111 1179 dicatur
1123 1140 1264 1192 disposi-

138 1194 197 1232 quq
214 1195 266 1213 Ν·
293 1183 332 1232 ‘sl
364 1191 416 1224 tio
425 1190 536 1226 aetina
550 1193 714 1230 naturalis
736 1193 887 1245 respectu
896 1195 1168 1247 gratimteduffl!
1181 1193 1263 1230 *6ῐό

137 1233 330 1304 Ξᾍτὲιζὲ·
362 1240 405 1275 ad
422 1253 532 1290 genus
555 1246 660 1280 eausae
674 1243 868 1285 efficientis.
895 1248 1005 1298 Qod
1028 1245 1192 1296 probatur
1206 1244 1263 1287 fies

169 1286 179 1303 ’
321 1290 329 1298 “
361 1289 541 1341 dispositio
553 1319 563 1334 ,
584 1308 658 1343 quae
667 1297 715 1332 est
729 1295 929 1343 neceffirans
942 1302 983 1336 ad
994 1297 1263 1347 formarmquan·

361 1342 409 1377 do
433 1355 507 1379 non
526 1346 574 1381 est
593 1348 730 1396 praecise
752 1352 934 1388 iuratione
957 1352 1122 1402 receptiui
1137 1348 1263 1388 ,habet

360 1393 482 1443 aliquo
496 1397 603 1441 modo
620 1402 790 1436 rationem
800 1400 983 1439 efficientis
1001 1401 1150 1452 respedhl
1167 1400 1263 1438 illius

361 1442 485 1482 format
493 1461 505 1489 ς
523 1444 692 1498 susceptio
710 1452 921 1491 Sacramenti
933 1455 980 1491 est
988 1455 1141 1504 quaedam
1149 1454 1263 1507 dispo-

361 1493 441 1533 sitio
463 1498 665 1536 neecffitans
677 1503 719 1538 ad
775 1508 881 1542 atiam
897 1519 938 1543 ex
957 1508 1117 1557 pactione
1129 1508 1266 1552 diuina,

136 1553 330 1593 Qantara-
389 1560 430 1584 ιιι
443 1550 538 1586 Deus
559 1553 691 1603 pepigit
703 1566 722 1589 a
764 1556 847 1593 stete
857 1559 1108 1599 Sacramentis,
1130 1571 1168 1595 vt
1179 1574 1263 1598 con·

135 1599 259 1628 ornatu
266 1605 334 1647 fau-
379 1611 491 1637 errent
499 1603 596 1651 quod
607 1602 739 1654 signant
748 1611 804 1647 ,&
815 1621 889 1645 non
900 1609 1002 1647 habet
1010 1609 1143 1646 tantum
1155 1614 1262 1649 ratio-

131 1637 335 1678 smWffl'·
361 1662 443 1688 nem
451 1657 619 1703 receptiui
632 1654 784 1705 respe&u
795 1662 928 1711 gratie.

411 1703 577 1741 Probatio
585 1730 596 1749 ,
609 1709 690 1756 quia
698 1705 781 1746 sicut
791 1725 829 1750 tu
838 1715 940 1762 ponis
951 1714 1112 1749 virtutem
1125 1715 1163 1749 in
1173 1726 1262 1764 aqua

359 1750 1011 1859 {ffiuff‘rss‘sssssffss'itfflsp‘fffflmm
1025 1764 1261 1853 fssssniissf‘

496 1848 499 1851 .
806 1831 814 1839 ·
870 1829 888 1852 a
911 1829 930 1853 e
957 1830 978 1852 o
1109 1829 1127 1852 a
1167 1830 1187 1853 u
1205 1830 1262 1854 ιο-

359 1868 442 1916 ncm
460 1871 556 1907 aquae
566 1885 579 1901 ,
594 1866 628 1898 &
641 1824 889 1904 litiiitatio’nem
901 1830 970 1904 olgei
986 1828 1064 1904 cim
1075 1866 1188 1905 verbis
1196 1867 1261 1906 esse

359 1910 595 1947 immediatam
627 1912 886 1964 dispositionem
907 1921 948 1956 ad
970 1920 1115 1970 gratiam
1137 1919 1261 1965 αᾶίυὲς

358 1961 444 2007 quia
459 1974 534 1998 non
546 1961 579 2000 se
602 1975 723 2003 tenent
745 1980 785 2006 ex
809 1982 904 2021 parte
922 1974 1045 2008 animae
1062 1973 1262 2021 recipientis

359 2014 504 2060 gratiam
526 2028 535 2050 :
559 2015 638 2051 licet
663 2021 756 2055 enim
774 2021 910 2058 ablutio
931 2020 971 2058 fit
984 2019 1090 2073 passio
1110 2021 1264 2073 respectu

360 2066 548 2112 eorporis;
570 2078 643 2103 non
665 2082 781 2108 tamen
800 2072 952 2123 respectu
972 2076 1112 2124 gratia,
1138 2072 1194 2112 sed
1216 2077 1265 2113 est

361 2114 518 2162 quadam
537 2115 716 2166 dispositio
739 2125 849 2161 aetina
868 2124 1021 2175 respestu
1045 2128 1118 2162 eius
1140 2139 1181 2164 cx
1200 2140 1262 2177 pa-

361 2166 480 2201 stione
499 2166 642 2211 diuina,
666 2171 747 2209 sicut
761 2174 822 2225 ipsi
845 2188 982 2226 ponunt
995 2177 1038 2213 de
1049 2188 1173 2215 ornatu
1186 2192 1196 2219 ;
1208 2192 1264 2216 er-

363 2229 411 2265 go
425 2216 527 2276 habet
541 2221 710 2258 rationem
725 2224 906 2264 efficientis
917 2255 928 2270 ‚
948 2232 984 2265 &
998 2230 1102 2265 afflui
1114 2228 1266 2279 respedm

366 2280 495 2327 gratiae.
523 2273 642 2308 Minor
663 2285 756 2323 patet
775 2291 835 2327 per
856 2279 1049 2330 exemplum
1064 2283 1121 2321 ,δε
1141 2293 1200 2330 per
1218 2295 1267 2319 ra-

364 2330 511 2358 tionem.

252 2417 260 2426 .
414 2372 478 2408 Per
491 2375 684 2425 exemplum
695 2376 760 2421 sic5
780 2382 946 2417 Meritum
955 2382 1158 2419 conceditur
1165 2382 1268 2420 habe-

171 2401 334 2475 mffmu
365 2433 402 2458 re
420 2422 607 2484 respectum
620 2426 779 2466 efficaciae
800 2431 943 2468 alicuius
965 2432 1115 2483 respectu
1127 2439 1270 2485 praemij,

140 2487 266 2526 pm,
281 2497 332 2517 ae-
365 2486 448 2523 quia
470 2488 530 2525 per
549 2482 711 2516 meritum
733 2482 923 2531 acquiritur
945 2487 1120 2534 praemium
1136 2491 1191 2526 ,δε
1214 2499 1267 2524 ta-

139 2529 336 2578 qnjmnrpu·
365 2537 447 2562 rnen
457 2539 521 2563 nec
533 2530 836 2570 instrumentaliter
846 2559 858 2575 ‚
869 2548 933 2570 nec
944 2535 1181 2586 principaliter
1191 2552 1270 2575 cau-

140 2578 239 2600 manen.
366 2573 416 2613 sat
438 2577 590 2629 aliquam
615 2581 875 2633 dispositionem
887 2586 907 2622 xa
921 2583 954 2623 se
967 2585 1118 2638 respestu
1129 2593 1270 2639 praemiJ':

366 2633 479 2665 vetius
500 2634 595 2669 enim
615 2637 817 2672 conceditur
846 2638 941 2686 quod
963 2644 1086 2676 merita
1115 2637 1272 2679 fecerunt

363 2678 473 2731 ipsum
493 2682 631 2720 beatum
641 2712 651 2726 ,
665 2687 768 2735 quam
791 2688 887 2737 quod
900 2687 968 2740 ipse
979 2690 1061 2728 fecit
1077 2691 1109 2728 s'e
1121 2691 1270 2736 beatum5

364 2745 451 2782 crgo
465 2732 487 2770 si
500 2735 559 2772 ille
579 2762 589 2777 ,
610 2740 671 2786 qui
695 2739 829 2775 inducit
842 2738 1100 2790 dispositionem
1119 2755 1192 2779 non
1206 2743 1269 2781 ha-

365 2782 506 2821 bentem
517 2790 689 2825 rationem
711 2794 877 2842 receptiui
898 2791 1049 2843 τεῖρε-ἀει
1060 2793 1182 2832 formae
1194 2821 1205 2836 ,
1217 2796 1271 2831 di·-

361 2848 461 2873 ·catur
474 2837 600 2876 habere
610 2838 796 2878 efficaciam
814 2840 872 2880 res
888 2846 964 2881 ectu
979 2844 1121 2888 formae,
1137 2845 1219 2883 sicut
1234 2860 1271 2885 tu

364 2892 468 2937 ponis
483 2891 526 2926 de
548 2904 661 2940 aqua,
679 2893 774 2942 quod
794 2906 857 2930 cau
872 2906 906 2931 er
927 2899 1072 2946 gratiam
1094 2900 1131 2934 in
1145 2901 1271 2940 anima,

364 2939 478 2976 multo
488 2946 597 2991 magis
611 2945 866 2982 Sacramentum
878 2951 914 2984 &
926 2945 1060 2984 ablutio
1071 2949 1271 2987 instrumen-

363 2990 445 3027 talis
458 3016 470 3032 ‚
482 3006 558 3042 quae
567 2995 613 3030 est
634 2993 813 3046 dispositio
828 2995 971 3034 vlterior
989 3012 1063 3037 non
1082 3003 1119 3037 in
1137 3004 1272 3039 ratione

366 3047 533 3092 receptiui
546 3071 556 3086 ,
577 3046 748 3084 diceretur
766 3047 886 3097 aliquo
910 3051 1020 3087 modo
1039 3050 1174 3089 causare
1190 3067 1269 3103 gra-

365 3096 450 3130 tiam
463 3120 473 3135 ,
487 3100 523 3132 δι
543 3100 591 3133 ita
615 3095 798 3135 secundum
813 3099 902 3137 hanc
913 3103 1002 3138 viam
1016 3101 1151 3140 facilius
1163 3106 1273 3153 potest

365 3141 519 3183 sustineri
534 3149 751 3187 Sacramenta
772 3152 851 3188 dare
861 3155 1005 3203 gratiam
1014 3154 1135 3205 ,quam
1151 3154 1269 3193 secun-

365 3195 448 3232 dum
464 3201 614 3247 priorem
636 3203 726 3237 viam
751 3227 763 3243 ,
787 3204 952 3253 ponendo
975 3217 1031 3242 tot
1057 3204 1213 3244 absoluta
1236 3211 1273 3245 in

365 3254 502 3296 aqua&
524 3254 657 3295 anim23
682 3258 717 3290 &
740 3253 811 3290 hoc
829 3255 876 3291 est
891 3257 987 3304 quod
1003 3257 1088 3294 dicit
1110 3260 1273 3309 Magister

366 3299 628 3350 multipliciter3
651 3317 722 3341 non
744 3304 787 3341 ab
806 3304 885 3356 ipsis
899 3308 1128 3346 Sacramentis
1139 3311 1184 3346 est
1195 3324 1273 3361 gra-

367 3353 415 3386 tia
429 3375 439 3391 ‚
454 3350 508 3388 scd
520 3353 626 3390 aDeo
643 3368 702 3405 per
715 3354 796 3405 ipsa.

419 3405 505 3440 ltern
518 3429 528 3443 ‚
547 3404 705 3443 alteratio
726 3408 918 3456 praecedens
941 3411 1178 3449 inductionem
1199 3412 1273 3450 for·

370 3464 432 3488 mae
454 3452 680 3493 substantialis
694 3458 878 3496 necessarii>
899 3474 972 3498 non
987 3461 1092 3512 perse
1113 3468 1274 3501 termina·

369 3517 424 3540 tur
438 3507 479 3541 ad
499 3504 717 3546 substantiam
733 3535 744 3551 ,
765 3523 802 3546 vt
818 3512 859 3547 ad
876 3525 934 3561 per
956 3512 989 3549 se
1011 3517 1196 3552 terminum
1220 3519 1273 3552 in-

370 3555 553 3594 trinsecum
565 3584 575 3599 ,
588 3556 643 3595 sed
653 3561 693 3596 ad
709 3562 909 3610 qualitatem
923 3567 958 3601 in
972 3577 1010 3601 ea
1022 3590 1033 3606 ,
1052 3570 1088 3603 &
1100 3578 1214 3603 tamen
1226 3567 1275 3604 di-

369 3611 459 3644 citur
469 3609 589 3658 aliquo
603 3610 821 3649 ruodo-causa
832 3612 1022 3652 substantiae
1035 3641 1047 3657 ‚
1058 3630 1130 3654 non
1145 3617 1276 3656 forma-

369 3659 424 3695 lis.
450 3662 547 3697 Patet
560 3686 570 3701 ‚
586 3664 677 3710 ¹quia
690 3676 773 3700 tunc
789 3662 972 3703 substantia
982 3665 1063 3704 esset
1076 3682 1135 3719 per
1148 3669 1180 3706 se
1193 3683 1276 3719 qua-

368 3711 448 3747 litas
464 3728 473 3755 3
489 3725 552 3749 nec
567 3711 681 3751 finalis
695 3741 703 3756 ,
717 3718 799 3764 quia
836 3718 971 3755 raecedit
983 3731 1057 3755 eam
1070 3735 1079 3762 ς
1093 3734 1156 3758 nec
1168 3733 1276 3757 mate-

370 3762 463 3799 rialis
476 3788 486 3805 ,
512 3765 595 3813 quia
617 3766 756 3814 quando
776 3728 958 3805 sugstantia
976 3771 1172 3814 inducitur,
1194 3784 1278 3810 tunc

369 3813 468 3851 cessat
487 3816 645 3853 alteratio
657 3830 761 3867 ;ergo
775 3829 811 3854 vt
826 3817 1005 3869 dispositio
1018 3824 1130 3861 aetina
1143 3824 1278 3862 reduci-

528 3869 610 3902 Scan·
621 3879 701 3919 oper.
711 3869 799 3908 Tem.
811 3872 882 3909 XI.
894 3873 973 3908 Pars
985 3872 1007 3908 I
1013 3874 1041 3911 Ι.

143 679 294 718 quastione?-

2106 155 2251 248 569

1345 281 1400 306 tur
1418 273 1461 309 ad
1485 270 1617 310 eausam
1638 269 1844 311 efficientem
1864 286 1877 315 ς
1909 284 1971 309 nee
1991 272 2051 310 ista
2068 271 2246 324 dispositio

1343 322 1453 359 aetina
1475 323 1533 361 res
1652 323 1773 361 formae
1802 322 2026 361 substantialis
2047 325 2161 362 causat
2180 325 2246 362 ali-

1370 386 1448 410 uam
1478 374 1512 410 di
1531 374 1737 425 positionem
1754 374 1898 425 aliamfa
1920 373 1952 411 se
1975 374 2126 425 respectu
2148 377 2241 413 illius

1360 423 1554 468 ubstanriae,
1565 425 1621 464 sed
1630 440 1689 477 per
1700 427 1794 464 illam
1806 427 1996 463 violentam
2016 429 2240 468 affluitatem,

1343 487 1449 523 quam
1469 476 1574 515 habet
1594 504 1605 520 ,
1627 482 1701 529 agir
1724 478 1767 514 ad
1788 479 2027 514 inductionem
2045 477 2139 515 illius
2162 476 2242 514 sub-

1342 526 1482 565 stantia.
1498 529 1665 567 Similiter
1685 533 1722 566 in
1733 528 1912 580 proposit6
1934 530 2152 566 Sacramenta
2167 543 2241 565 non

1341 577 1479 616 causant
1494 583 1531 616 in
1553 583 1667 618 anima
1681 607 1691 622 ,
1704 581 1759 617 vel
1773 584 1810 617 in
1822 578 1855 617 se
1871 578 2241 631 aliquamdispositio-

1340 640 1421 716 nens»
1432 632 1475 666 ad
1493 631 1645 682 aliquem
1663 635 1849 670 terminum
1871 630 2021 681 respectu
2031 635 2149 681 gratiae
2161 645 2242 682 prat—

1340 691 1393 716 ter
1414 685 1456 717 ei
1485 681 1528 720 sa.

1390 695 1554 770 progatio
1563 747 1623 784 per
1635 737 1804 771 rationem
1815 746 1908 783 patet
1917 760 1927 775 ‚
1937 731 2089 771 efficiens
2101 734 2239 771 causans

1340 781 1600 832 dispositionem
1632 786 1674 821 ad
1705 786 1856 835 aliquem
1874 789 2058 822 terminum
2079 810 2090 826 ,
2111 786 2239 822 dicitur

1338 833 1474 871 causare
1485 834 1595 885 ipsum
1605 840 1791 874 terminum
1807 862 1818 878 ,
1840 850 1913 872 non
1924 837 2143 878 immediate,
2154 840 2238 886 quia

1337 883 1451 922 causat
1469 885 1730 937 dispositionem
1744 904 1755 931 ς
1769 887 1823 924 sed
1835 889 1930 937 quod
1940 888 1986 925 cst
1994 885 2090 924 causa
2123 892 2238 929 rimis,

1337 948 1411 972 non
1423 937 1550 975 dicitnr
1562 937 1658 977 causa
1683 941 1899 989 posterioris,
1914 938 1977 975 nisi
1989 939 2082 988 prius
2092 902 2130 975 sit
2140 939 2238 976 causa

1338 986 1434 1024 illius
1458 991 1679 1038 posterioris,
1699 991 1782 1028 sicut
1802 988 1940 1026 causans
1960 993 2002 1026 B.
2015 1003 2088 1026 non
2110 993 2236 1028 dicitur

1336 1038 1434 1075 causa
1454 1043 1495 1081 C,
1508 1040 1569 1077 nisi
1584 1045 1625 1083 B,
1636 1040 1676 1077 sit
1693 1041 1789 1079 causa
1798 1045 1838 1077 C.
1852 1055 1888 1078 er
1914 1055 1937 1078 o
1950 1043 2028 1078 cum
2052 1043 2146 1079 Deus
2163 1056 2237 1080 non

1335 1089 1449 1127 causet
1473 1095 1510 1128 in
1532 1095 1644 1129 anima
1664 1056 1912 1142 gratiarnmihg
1916 1106 1975 1143 per
1987 1091 2238 1143 susceptionem

1335 1142 1562 1185 Sacramenti‚
1582 1145 1642 1181 illa
1660 1157 1762 1181 erunt
1773 1144 2034 1195 quodammodo
2057 1142 2237 1195 dispositio

1335 1194 1449 1229 aerina
1458 1193 1608 1244 respedlu
1618 1199 1747 1245 gratiae.

1383 1245 1439 1281 Ad
1448 1259 1649 1295 argumenta
1659 1250 1776 1296 primae
1786 1247 1982 1296 quaestionis
1995 1273 2006 1288 ‚
2019 1247 2098 1283 dico
2110 1246 2152 1282 ad
2164 1247 2235 1295 pri·
2332 1255 2347 1282 1
2356 1256 2394 1283 ο.

1334 1298 1547 1346 mum,quod
1559 1299 1778 1335 Sacramenta
1791 1300 1955 1335 dicuntur
1967 1301 2148 1336 continere
2158 1309 2235 1347 gra·
2267 1299 2458 1338 Alarguma.

1334 1347 1490 1388 tiam,vt
1509 1348 1603 1398 signa
1619 1348 1776 1387 effeffiua
1788 1355 1846 1391 ,δι
1869 1363 1949 1387 vera
1970 1350 2236 1387 demonstratiua
2266 1342 2383 1382 quast.3.

1333 1398 1373 1433 in
1387 1397 1542 1448 signato,
1561 1414 1634 1449 non
1647 1404 1729 1451 quia
1747 1402 1837 1448 dant*
1849 1404 1993 1451 gratiam
2008 1427 2019 1443 ,
2031 1400 2086 1436 vel
2100 1403 2180 1449 quia
2193 1398 2235 1435 ab

1333 1450 1382 1484 eis
1397 1448 1436 1486 sit
1445 1454 1557 1500 gratia
1568 1477 1580 1494 ,
1589 1450 1645 1490 sed
1660 1455 1681 1489 a
1693 1455 1772 1489 Deo
1784 1465 1845 1503 per
1854 1450 1943 1503 ipsa,
1958 1452 2040 1490 sicut
2060 1452 2146 1488 dicit
2155 1455 2234 1488 Ma-

1359 1501 1446 1538 ister.

1333 1512 1357 1550 g
1384 1554 1440 1589 Ad
1452 1550 1637 1591 secundum
1650 1554 1752 1595 ,dico
1764 1555 1861 1605 quod
1881 1557 2098 1591 Sacramenta
2111 1555 2236 1590 veteris
2266 1567 2317 1596 Ad
2329 1567 2463 1605 secundia

1332 1601 1419 1653 legis
1430 1617 1504 1641 non
1514 1603 1679 1642 differunt
1693 1606 1712 1642 a
1721 1608 1950 1643 Sacramentis
1964 1609 2063 1642 n'ouae
2077 1605 2163 1655 legis
2176 1617 2236 1654 per
2298 1610 2463 1650 Differenti-

1332 1655 1414 1692 dare
1423 1659 1569 1705 gratiam
1581 1682 1593 1698 ,
1602 1661 1639 1694 δε
1656 1670 1730 1694 non
1742 1659 1820 1694 dare
1842 1660 1986 1708 gratiam
1998 1670 2008 1698 ς
2021 1654 2076 1693 sed
2086 1669 2144 1706 per
2157 1658 2237 1693 dare
2267 1654 2459 1701 Sacramenta:

1331 1709 1499 1744 maiorem
1510 1711 1656 1758 gratiam
1668 1713 1703 1746 &
1717 1711 1888 1746 minorem
1899 1711 2055 1759 gratiam.
2076 1708 2237 1745 Circum·
2266 1702 2331 1764 2⁸2:
2349 1703 2464 1770 3³:2¹:

1332 1756 1416 1795 cisio
1436 1762 1530 1796 enim
1552 1784 1563 1801 ‚
1583 1764 1620 1797 &
1644 1760 1709 1798 alia
1729 1763 1946 1798 Sacramenta
1966 1758 2089 1809 legalia
2112 1759 2239 1796 dabant
2269 1764 2305 1805 isi
2329 1756 2344 1805 ζ
2386 1778 2461 1806 md,

1332 1812 1478 1859 gratiam
1490 1836 1502 1852 ,
1515 1809 1572 1848 scd
1583 1824 1657 1847 non
1673 1823 1803 1848 tantam
1818 1810 1900 1849 sicut
1911 1808 2114 1861 Baptismus,
2126 1816 2161 1848 δι
2173 1811 2240 1848 alia
2266 1821 2401 1857 gratim.

1332 1862 1553 1899 Sacramenta
1573 1875 1672 1899 nouae
1700 1863 1800 1913 legis.
1825 1862 2090 1900 Caeremonialia
2111 1874 2242 1904 tamen,

1333 1916 1370 1950 δι
1382 1911 1578 1951 oblationes
1589 1915 1716 1951 veteris
1736 1916 1824 1965 legis
1834 1912 1998 1951 differunt
2010 1915 2029 1950 a
2039 1915 2241 1951 Sacramen-

1334 1966 1381 2000 tis
1395 1977 1497 2001 nouae
1520 1965 1607 2015 legis
1621 1978 1681 2015 per
1701 1966 1804 2007 dare,
1827 1971 1863 2003 ὅτ.
1886 1979 1960 2002 non
1983 1966 2063 2002 dare
2083 1969 2243 2015 gratiam,

1334 2018 1418 2064 quia
1427 2017 1679 2053 caeremonialia
1691 2016 1770 2059 illa,
1783 2029 1859 2066 quae
1877 2030 1950 2054 non
1958 2014 2036 2053 sunt
2049 2018 2246 2054 Sacmmen·

1335 2077 1423 2108 ta,vt
1437 2067 1619 2105 immolare
1630 2069 1787 2105 victimas
1800 2068 1974 2119 pacificas,
1984 2081 2096 2109 orare,
2109 2073 2144 2106 &
2156 2072 2244 2106 iciu-

1336 2130 1419 2155 nare
1428 2143 1440 2161 ‚
1451 2123 1487 2156 &
1503 2117 1722 2160 huiusmodi,
1732 2131 1796 2156 nec
1806 2132 1846 2156 ex
1857 2121 2019 2171 pactione
2029 2120 2147 2157 diuina
2158 2147 2167 2162 ,
2178 2134 2244 2156 nec

1337 2172 1442 2206 etiam
1464 2183 1506 2207 ex
1518 2173 1648 2208 virtute
1671 2173 1810 2221 propria
1833 2170 2060 2209 conferebant
2083 2175 2242 2222 gratiam

1338 2221 1423 2259 ficut
1433 2234 1498 2258 nec
1509 2225 1613 2259 etiam
1632 2222 1885 2260 caeremonialia
1900 2224 2016 2259 nostra
2029 2248 2040 2264 ,
2053 2236 2089 2260 vt
2098 2223 2244 2260 abstine-

1339 2287 1375 2310 re
1388 2272 1407 2308 a
1418 2273 1575 2311 carnibus
1585 2274 1706 2310 diebus
1718 2277 1866 2312 Veneria
1881 2299 1894 2316 ,
1903 2272 2089 2312 conferunt
2097 2278 2243 2325 gratiam

1339 2329 1469 2362 virtute
1480 2328 1619 2375 propria
1632 2338 1654 2360 o
1682 2328 1748 2361 eris
1761 2327 1906 2376 operati.

1391 2379 1499 2413 Diues
1513 2380 1605 2413 enim
1619 2339 1768 2413 officiens
1791 2378 1916 2414 bouem
1931 2379 1969 2413 in
1989 2376 2135 2413 hostiam
2155 2375 2243 2414 salu·

1342 2439 1471 2468 tarem,
1494 2426 1609 2466 &sine
1632 2427 1730 2464 bono
1751 2439 1853 2465 motu
1877 2431 2035 2465 interiori
2049 2445 2059 2472 5
2073 2434 2106 2466 ὅ(
2121 2441 2247 2479 pauper

1342 2491 1415 2515 non
1441 2479 1569 2516 habens
1590 2480 1680 2515 vnde
1693 2478 1818 2516 offerat
1838 2479 1970 2529 aliquid
1986 2503 1998 2521 ,
2020 2492 2137 2517 motus
2152 2485 2244 2518 inte·

1342 2530 1412 2567 rius
1422 2531 1465 2568 ad
1478 2530 1609 2568 bonum
1619 2529 1778 2568 affectum
1788 2543 1870 2581 erga
1880 2533 1994 2567 Deum
2007 2557 2018 2571 ‚
2042 2534 2162 2581 recipit
2174 2544 2248 2582 gra·

1343 2584 1426 2617 tiam
1437 2608 1448 2623 ,
1458 2588 1492 2620 &
1508 2585 1604 2620 diues
1618 2595 1704 2619 non.
1728 2585 1766 2618 ln
1779 2583 2000 2619 Sacramento
2014 2596 2128 2620 autem
2147 2585 2248 2620 datur

1344 2633 1468 2684 duplex
1490 2639 1599 2684 gratia
1610 2659 1620 2675 ,
1633 2647 1700 2670 vna
1726 2638 1852 2670 virtute
1864 2635 2073 2672 Sacramenti
2085 2660 2097 2676 ‚
2118 2634 2183 2671 alia
2198 2647 2247 2670 ra·

1344 2688 1443 2731 tione
1453 2685 1538 2723 boni
1552 2698 1668 2722 motus
1681 2689 1855 2722 interioris
1868 2710 1879 2726 ,
1889 2684 1912 2721 fi
1925 2684 2002 2721 insit
2011 2688 2048 2722 in
2061 2683 2247 2736 susceptio-

1344 2748 1389 2771 ne
1410 2738 1631 2774 Sacramenti.
1666 2740 1706 2773 In
1726 2736 2022 2774 caeremonialibus
2042 2750 2156 2774 autem
2175 2750 2244 2774 tam

1346 2799 1446 2824 noua
1471 2789 1558 2840 legis
1579 2816 1590 2832 ‚
1613 2789 1715 2839 quam
1736 2791 1862 2825 veteris
1887 2789 2022 2825 tantum
2046 2789 2145 2826 datur
2166 2802 2246 2840 gra-

1345 2842 1392 2876 tia
1427 2852 1569 2890 propter
1599 2840 1732 2876 bonum
1770 2852 1906 2876 motum
1933 2842 2135 2877 interiorem
2157 2866 2170 2882 ‚
2208 2845 2246 2878 ὅ(

1344 2903 1486 2942 propter
1505 2905 1592 2943 opus
1613 2903 1792 2942 operatum
1806 2916 1818 2933 ,
1830 2890 1852 2927 fi
1870 2889 2031 2942 praeceffit
2052 2905 2093 2929 ex
2117 2895 2244 2929 merito

1344 2943 1455 2980 bono.

1398 2996 1452 3031 Ad
1465 2993 1499 3030 id
1511 3021 1522 3037 ,
1534 2995 1629 3044 quod
1648 2995 1731 3031 dicit
1746 2995 1954 3045 Augustinus
1965 2998 2001 3032 in
2014 3008 2051 3031 ca
2078 2994 2246 3038 .Demhe,

1343 3046 1440 3095 quod
1451 3046 1511 3083 illa
1532 3046 1666 3083 ablutio
1680 3045 1770 3083 facta
1788 3049 1825 3082 in
1839 3060 1926 3096 aqua
1938 3047 1985 3084 est
2006 3008 2176 3098 suigeptio
2187 3049 2247 3084 Sa—

1344 3100 1621 3148 cramenti,quia
1643 3099 1899 3135 Sacramentum
1924 3097 2117 3136 formaliter
2140 3098 2248 3136 consi-

1345 3148 1401 3185 stit
1419 3152 1457 3186 in
1473 3147 1533 3186 vsu
1552 3176 1563 3192 ,
1584 3154 1621 3188 δε
1642 3153 1690 3187 ita
1709 3148 1878 3200 susceptio
1901 3151 2111 3187 sacramenti
2126 3151 2249 3187 estim-

1345 3201 1494 3239 mediata
1505 3200 1685 3252 dispositio
1698 3201 1740 3238 ad
1759 3204 1904 3252 gratiam
1917 3227 1928 3244 ‚
1949 3199 2032 3239 sicut
2046 3213 2082 3239 tu
2094 3205 2197 3253 ponis
2205 3203 2248 3240 de

1345 3264 1481 3290 ornatu.

2279 2993 2327 3028 Ad
2340 2996 2462 3026 emim.

1484 3354 1978 3399 SCHOLIVM
2040 3357 2090 3399 V.

1398 3457 1460 3494 Ad
1458 3457 1626 3504 sic-undam
1635 3457 1822 3508 questionem
1830 3456 1907 3492 dicte
1917 3457 2124 3505 confiquenrer
2129 3456 2174 3492 ad
2182 3459 2248 3493 iam

1346 3506 1432 3544 dicta
1442 3511 1477 3545 in
1493 3510 1672 3561 praedenn'
1682 3535 1690 3549 ‚
1701 3509 1815 3544 nauum
1829 3510 1978 3544 viv-cutm
1988 3507 2143 3557 pbyficm
2159 3508 2247 3544 inbe-

1347 3571 1412 3596 rere
1421 3564 1627 3597 Sat-ramentis
1639 3576 1649 3603 ς
1660 3560 1719 3609 sid
1736 3557 1857 3595 tamam
1871 3561 1933 3594 Dei
1943 3561 2087 3609 ριᾶιηης
2098 3560 2247 3605 statuenda

1347 3623 1450 3648 tamen
1462 3617 1624 3650 virtutem
1629 3623 1689 3662 pro
1699 3611 2182 3662 vltimporenn‘aestgm'praeflici,
2193 3611 2246 3646 ds·-

1347 3666 1391 3701 cit
1402 3663 1624 3700 admittendam
1634 3663 1686 3711 effi·
1696 3666 1730 3698 in
1750 3664 1960 3698 Sarmatis
1971 3689 1981 3703 ,
1991 3661 2073 3710 quod
2079 3659 2200 3697 maiam
2209 3662 2252 3710 est

1337 3716 1512 3765 figur-ficare
1529 3716 1706 3765 rfficacs‘rer,
1717 3713 1773 3750 hoc
1786 3713 1835 3749 eft
1845 3716 1982 3775 ’smTff
1999 3715 2039 3752 ό·
2051 3711 2130 3749 emb
2142 3713 2252 3750 habere

1348 3767 1600 3817 tymbvm-‚quem
1608 3767 1784 3816 fignificaene
1794 3791 1804 3806 ‚
1818 3777 1966 3814 quantiam
1984 3766 2032 3800 eff
2048 3778 2090 3800 ex
2104 3767 2149 3812 fi.
2171 3765 2252 3801 Vide

1349 3821 1511 3856 Doclorem
1519 3821 1553 3856 in
1559 3819 1664 3857 Oxon.
1673 3815 1726 3856 hic
1732 3816 1754 3853 ὸ
1762 3829 1845 3855 nm.
1854 3831 1864 3854 ι
1873 3822 1905 3854 6.
1996 3867 2019 3905 b
2199 3870 2252 3906 Ad
