2736 4042
1003 112 1368 220 Quaestio
1403 107 1522 196 II.

328 242 421 283 libus
435 245 623 284 multorum
635 244 788 283 sensuum
800 261 810 289 ς
821 244 876 282 vel
889 247 925 282 in
936 246 1055 283 multis
1066 245 1231 283 senfibili-

330 297 393 334 bus
403 297 554 336 eiusdem
566 298 677 335 sensus
691 313 701 342 ς
716 312 750 333 vt
764 298 1008 348 oratio-longa,
1021 301 1056 333 in
1072 312 1138 347 qua
1155 296 1230 334 sunt

330 350 440 385 multa
461 349 697 390 senfibilia,&
719 349 1024 385 munte-dictiones
1045 348 1231 386 fundantes

329 402 425 437 istam
445 404 647 438 relationem
668 402 886 450 impetratam
903 413 960 449 per
972 401 1169 437 huiusmodi
1189 399 1232 436 fi-

329 465 452 502 gnum,
462 454 570 503 potest
584 451 713 502 lignum
730 452 858 487 institui
870 454 906 487 iu
920 465 989 488 vno
999 451 1161 493 senlibilh
1175 450 1230 490 vel

331 503 500 554 pluribus,
514 516 549 539 vt
563 504 692 539 dictum
705 504 764 539 est.

380 560 483 597 ltem,
495 555 555 592 illa
565 550 733 590 sensibilia
745 553 861 604 plura,
886 553 939 590 vel
954 567 1061 590 vnum
1075 579 1087 595 ,
1104 556 1140 590 in
1158 567 1230 603 quo

329 606 519 643 instituitur
541 606 816 645 Sacramentum,
831 605 882 640 vel
904 604 1034 655 lignum
1061 630 1071 645 ,
1093 605 1147 642 vel
1168 606 1230 642 ha·

327 655 412 693 bent
449 660 728 700 conuenientiam
754 656 942 692 naturalem
965 657 1005 692 ad
1028 655 1229 706 fignandum

327 710 437 757 ipsum
451 705 823 758 fignatum,cuiusmodi
837 707 912 743 sunt
922 711 1066 744 nomina
1074 707 1230 749 Hebma,

327 758 538 809 impolitaab
548 761 670 800 Adam,
681 761 742 808 qui
754 756 917 808 imposuit
932 758 1030 795 rebus
1045 756 1230 795 secundem

326 814 591 848 conuenientias
610 822 726 847 earum
747 809 917 847 naturales
929 812 970 847 ad
985 822 1036 846 res
1047 835 1058 851 ,
1071 822 1107 846 vt
1119 811 1230 847 eredi-

327 872 404 904 tur.;
417 862 472 899 vel
488 860 672 899 secundum
691 864 970 898 conuenientiam
994 863 1036 898 ad
1051 860 1229 910 placitum,

326 924 363 948 vt
378 912 449 949 baec
459 926 526 949 vox
535 911 620 947 home
642 910 810 962 fignificat
826 924 980 949 naturam
991 911 1173 950 humanam
1186 913 1229 949 ad

121 971 292 1001 Cannenses·-
325 962 490 1013 plaeitum
503 988 514 1003 ,
535 976 614 999 nam
628 965 826 1001 naturaliter
846 977 918 1000 non
932 963 1008 1014 plus
1028 976 1100 1000 rem
1112 977 1229 1004 vnam,

100 1021 145 1043 ἓν
169 1013 295 1049 infima
326 1016 428 1063 quam
449 1015 550 1051 aliam
578 1013 744 1064 fignificat
757 1041 769 1058 ‚
793 1021 828 1054 &
850 1015 1034 1053 secundum
1055 1015 1124 1052 hoc
1146 1017 1227 1052 dico

94 1056 167 1092 sm
186 1053 205 1120 ᾗ
235 1057 293 1124 35⁰
324 1067 418 1115 quod
429 1068 522 1104 Deus
535 1064 1084 1107 Sacramentuminstituit,vteffet
1094 1064 1230 1117 lignum

95 1095 294 1175 {fiugffffm}
324 1130 363 1153 ex
377 1118 577 1155 instituente
588 1118 628 1154 ad
640 1117 820 1168 placitum,
833 1131 950 1155 verum
961 1143 973 1159 ,
990 1122 1026 1155 &
1039 1116 1156 1155 efficax
1169 1144 1179 1159 ‚
1190 1122 1227 1156 &

99 1157 284 1210 saessmnu.
323 1169 628 1207 demonstratiuum
639 1173 676 1205 in
695 1183 767 1207 vno
778 1168 925 1207 senfibili
941 1174 996 1211 ‚&
1009 1169 1133 1207 visibili
1151 1169 1227 1213 ‚vel

322 1221 486 1262 audibili,
503 1221 558 1258 vel
570 1223 606 1257 in
628 1221 783 1270 pluribus
804 1220 1011 1259 habentibus
1027 1220 1226 1258 fimilitudi-

320 1285 401 1310 nem
412 1272 600 1309 naturalem
614 1273 654 1308 ad
668 1272 832 1323 fignarum
843 1299 854 1315 ,
871 1286 906 1311 vt
918 1271 1053 1309 ablutio
1064 1276 1227 1315 exterior,

320 1337 396 1374 quae
410 1325 457 1361 est
469 1325 726 1361 Sacramentum
738 1323 901 1375 Baptismi
913 1351 922 1367 ,
935 1328 969 1361 &
981 1323 1018 1361 fit
1030 1328 1063 1360 in
1073 1338 1160 1375 aqua
1169 1350 1180 1365 ‚
1190 1330 1226 1363 &

319 1375 435 1412 verbis
445 1401 457 1417 ,
467 1374 633 1426 fignificat
643 1374 857 1413 ablutionem
875 1380 996 1414 animae
1015 1380 1227 1413 interiorem.

318 1427 487 1466 Similiter
499 1431 535 1463 in
550 1426 757 1464 Ruth-tristia
771 1426 935 1465 senfibilis
955 1431 1053 1477 panis
1061 1432 1225 1469 exterior,

318 1486 381 1527 qui
395 1478 595 1515 naturaliter
607 1481 730 1520 nutrit,
744 1477 912 1530 fignificat
923 1484 1045 1516 animae
1055 1483 1224 1516 nutritio-

318 1541 414 1571 nem,
425 1534 461 1567 &
474 1528 698 1567 refectionem
711 1534 913 1572 interiorem
926 1556 937 1573 ,
957 1532 1011 1567 vel
1024 1534 1058 1566 in
1069 1544 1141 1569 vtio
1155 1529 1226 1568 sen-

318 1579 408 1617 fib=1i
427 1594 499 1617 nou
521 1580 668 1618 habente
694 1580 954 1619 fimilitudinem
969 1584 1158 1619 naturalem
1182 1584 1224 1620 ad

318 1629 487 1682 {ignarum
500 1658 511 1673 ,
522 1646 559 1669 vt
580 1644 673 1683 patet
694 1637 731 1670 in
747 1637 977 1670 Matrimonio
989 1659 1000 1676 ‚
1019 1635 1076 1671 vbi
1091 1636 1225 1673 tantum

317 1681 397 1720 sunt
409 1683 534 1726 verba,
549 1697 623 1734 quae
644 1682 776 1735 fignaut
800 1688 1000 1723 interiorem
1024 1684 1225 1724 consensum

317 1738 515 1772 animorum
527 1735 660 1772 tantum
668 1737 709 1773 ad
720 1736 894 1786 placitum.
924 1738 1129 1787 Congruum
1140 1750 1225 1789 ergo

318 1783 387 1822 funt
409 1789 523 1824 Deum
548 1788 725 1825 instituere
738 1789 881 1839 aliquod
902 1786 1033 1840 fi'gnum
1058 1787 1225 1832 sensibile,

318 1835 513 1888 fignificans
530 1851 570 1875 ex
589 1840 807 1877 institutione
826 1846 1014 1882 veraciter,
1027 1846 1061 1878 &
1083 1841 1225 1879 demon-

319 1889 456 1926 stratiue
467 1892 612 1939 gratiam
633 1890 840 1928 inuifibvlem
854 1896 890 1928 in
905 1906 976 1929 vno
989 1890 1157 1936 senfib=11‚
1170 1894 1225 1931 vel

318 1939 474 1990 pluribus
482 1940 645 1982 habente,
657 1942 711 1978 vel
722 1943 929 1980 habentibus
943 1949 1226 1982 conuenientiam

318 1993 510 2029 naturalem
523 2017 534 2034 ,
546 1993 600 2029 vel
611 1994 651 2030 ad
663 1994 826 2043 placitum
838 2008 915 2032 eum
936 1994 1011 2046 ipso
1020 1994 1153 2046 fignato
1168 2003 1226 2039 ,δι

319 2043 393 2080 haec
403 2045 449 2081 est
462 2043 648 2093 descriptio
663 2072 673 2087 ,
684 2050 720 2083 &
742 2046 902 2084 definitio
923 2048 1134 2084 Sacramenti
1148 2049 1227 2087 data

246 2119 253 2121 -
319 2096 362 2131 de
375 2108 429 2137 re,
451 2109 555 2145 quam
577 2095 746 2146 fignificat
758 2097 828 2135 hoc
842 2101 1224 2139 uomens-mammem.

96 2145 157 2191 0¹⁶?
171 2141 291 2189 speetalt·
319 2148 458 2184 Dicitur
470 2160 584 2184 autem
596 2150 704 2198 magis
714 2147 965 2197 vistbilieformae‚
975 2151 1077 2199 quam
1090 2152 1225 2189 audibi-

97 2193 177 2236 earm
192 2181 288 2255 sdefim-
319 2197 361 2235 lis
377 2211 536 2249 ‚propter
557 2199 780 2247 nobilitatem
799 2200 911 2238 sensus
923 2198 1014 2238 visus
1035 2202 1078 2239 ad
1104 2206 1227 2241 omnes

95 2235 185 2297 2:21·
202 2236 291 2305 xx:
311 2249 409 2287 >alios
421 2248 534 2287 sensus
549 2278 559 2291 ‚
573 2254 634 2300 qui
645 2253 907 2300 quodammodo
919 2253 965 2289 est
974 2256 1089 2290 omnis
1100 2252 1227 2297 sensus,

95 2316 145 2338 tur
172 2307 289 2340 vifibilis
321 2300 404 2338 ficut
427 2302 538 2339 bomo
560 2303 608 2339 est
630 2304 894 2352 quodammodo
919 2308 1037 2340 omnis
1060 2318 1227 2348 creatura,

96 2348 201 2382 soum·
319 2364 461 2402 propter
472 2353 663 2390 naturalem
672 2356 952 2400 conuenientiatn
963 2367 1040 2390 cum
1053 2356 1227 2393 o'mnibus:

318 2409 355 2440 &
376 2404 455 2439 ideo
479 2406 622 2452 ponitur
643 2407 679 2439 in
691 2403 897 2440 definitione
915 2405 1125 2442 sacramenti
1145 2406 1227 2444 loco

319 2457 479 2492 omnium
492 2451 712 2492 senfibilium.
1091 2478 1094 2480 Δ

453 2555 919 2600 SCHOLIVM
984 2558 1048 2600 11.

372 2657 526 2710 Explicat
551 2654 635 2693 clare
653 2656 797 2706 quomodo
820 2660 1053 2694 Sacramentum
1063 2658 1109 2706 stt
1126 2671 1184 2710 per
1190 2662 1227 2708 fi

322 2713 463 2746 vnumin
478 2709 707 2758 rationefigm’,
717 2711 756 2748 ὠ·
770 2707 804 2758 fi
819 2711 997 2745 materialia
1006 2712 1082 2757 fient
1094 2711 1226 2759 diuersa.

324 2762 412 2799 Vnde
422 2762 556 2808 refiluir,
567 2764 798 2797 Sacramentum
808 2761 860 2807 ff
869 2760 1025 2809 diffinibile
1044 2762 1088 2797 aed
1106 2755 1228 2799 hrodum

313 2812 518 2861 secundarum
537 2814 755 2852 intentionum,
778 2816 852 2861 quia
865 2811 953 2848 habet
965 2826 1062 2862 genus
1081 2815 1120 2852 ώ-
1132 2813 1218 2860 diffe-

321 2866 495 2911 rentiasfiw
504 2863 599 2900 modo.
624 2862 760 2899 Secunda
775 2889 786 2904 ,
796 2860 882 2908 affert
892 2864 1100 2913 diffinitionem
1115 2868 1228 2901 Sacra-

320 2920 415 2952 menu'
426 2913 549 2963 ea'mque
557 2917 691 2965 exponit.
713 2913 831 2955 Tertio,
839 2915 1067 2962 oflenditsuaem
1080 2915 1229 2963 definitio-

321 2981 390 3004 nem
401 2980 459 3002 nan
471 2965 593 3013 differre
603 2969 637 3002 in
646 2979 680 3002 re
688 2964 728 3001 ab
740 2967 794 3002 illa
813 2965 975 3016 Magistri
986 2993 997 3009 ,
1003 2966 1062 3014 fid
1070 2968 1226 3004 iaaemcla-

322 3017 388 3055 νίὶιε
395 3029 553 3070 exponere.

191 3138 217 3175 6
326 3124 485 3212 cho
497 3121 540 3158 de
552 3133 588 3158 re
599 3124 785 3172 importata
799 3133 859 3170 per
870 3121 1103 3156 Suc-rammam
1112 3145 1121 3161 ,
1131 3122 1229 3160 restat

98 3166 247 3224 Am-“h'u
265 3203 280 3222 ²
427 3175 542 3211 videre
554 3175 644 3210 circa
667 3171 850 3209 secundum
871 3198 883 3214 ,
900 3186 942 3209 an
963 3172 1098 3210 realitas
1111 3174 1228 3211 Sacra-

98 3237 235 3304 ?itpuuj
254 3214 292 3263 aul
326 3227 517 3312 gnefinti,.cui
530 3227 698 3302 cognpetir
712 3224 783 3259 haec
793 3222 1112 3312 dsescriptiomagja‘t
1123 3238 1231 3310 ‘gnam

117 3284 285 3305 ‘crumelum
1213 3298 1227 3305 -

98 3315 288 3358 dewi-ffir-
325 3277 1231 3376 fissssss‘E’L‘Z'L'asslss‘e'‚⁶32¹ll'abilffjssikr‘lssaonssffi-

326 3381 531 3428 primentem
544 3379 627 3428 quid
650 3381 802 3415 nominis
813 3403 823 3419 ,
846 3380 942 3427 quod
955 3391 1094 3429 propter
1108 3378 1176 3415 hoc
1191 3378 1230 3418 fit

327 3443 433 3466 vnum
450 3430 634 3467 secundum
646 3428 898 3470 effentiam,cui
911 3433 1078 3477 competit
1092 3433 1231 3480 proprie

327 3480 499 3518 definitio.
522 3483 578 3518 Sic
588 3484 681 3517 enim
694 3481 781 3521 uia,
792 3483 887 3530 quod
901 3480 1149 3531 fignificat-vno
1162 3496 1229 3519 no-

327 3536 421 3570 mine
430 3532 557 3569 bellum
566 3534 772 3573 Troianum,
787 3532 923 3570 haberet
935 3546 1037 3569 vnam
1049 3532 1228 3570 definitio-

326 3598 419 3621 nem.
429 3586 568 3621 Dicitur
578 3596 662 3633 ergo
674 3584 768 3631 quod
786 3597 858 3620 non
873 3583 975 3621 habet
994 3597 1095 3620 vnam
1104 3584 1230 3623 defini-

328 3641 461 3674 tionem
471 3661 482 3677 ,
496 3638 578 3684 quia
592 3648 665 3671 non
677 3634 842 3684 fignificat
855 3648 913 3684 per
926 3634 958 3671 se
967 3648 1085 3672 vnum.

377 3689 532 3727 Contra,
546 3685 568 3722 fi
583 3699 688 3722 vnum
698 3685 855 3723 accid‘ens
868 3684 945 3723 effet
959 3689 994 3723 in
1005 3686 1140 3724 duobus
1154 3686 1231 3724 sub-

329 3741 439 3777 iestis,
450 3750 485 3774 vt
498 3751 565 3774 vna
579 3736 702 3773 albedo
712 3740 749 3773 in
762 3737 890 3774 duabus
902 3736 1140 3788 superficiebus
1154 3764 1164 3780 ‚
1176 3741 1233 3776 ad-

328 3789 396 3828 huc
407 3787 485 3827 effer
494 3801 554 3840 per
565 3786 598 3827 se
612 3802 718 3826 vnum
739 3787 920 3827 definibile
932 3814 943 3832 ,
958 3792 1039 3840 quia
1051 3789 1142 3828 nihil
1152 3788 1233 3829 effer

2076 122 2220 220 565

1305 247 1496 296 impediens
1508 247 1674 282 vnitatem
1685 247 1758 283 eius
1773 243 1980 283 effentialem
1990 270 2001 287 ,
2010 250 2073 289 cui,
2081 245 2209 297 semper

1304 302 1471 347 competit
1485 297 1666 334 definitio:
1680 295 1734 333 sed
1758 301 1879 342 relatio
1901 297 1985 347 figni
1998 324 2008 339 ,
2029 312 2131 348 quam
2146 304 2209 335 irn-

1304 362 1419 398 portat
1431 351 1685 386 Sacramentum
1699 350 1915 386 essentialiter
1935 354 1975 385 ad
1987 354 2131 399 gratiam
2147 376 2156 391 ,
2171 362 2209 386 vt

1304 398 1471 449 lignatum
1481 425 1490 441 ,
1500 403 1547 437 est
1561 413 1627 437 vna
1640 398 1859 438 essentialiter
1873 427 1883 441 ,
1902 400 1981 436 licet
1998 406 2209 450 quandoque

1305 450 1530 488 fundamenta
1558 451 1623 488 fint
1646 453 1743 502 plura
1766 451 1931 489 sensibilia
1943 477 1953 492 ,
1970 466 2044 501 qua·
2060 466 2132 488 non
2145 454 2207 489 sta·

1304 513 1406 540 tuum
1415 501 1599 540 secundum
1612 501 1645 539 se
1660 517 1764 539 vnum
1777 505 1896 553 aliquo
1908 506 2017 539 modo
2029 501 2208 543 essentiali-

1304 563 1355 590 ter
1368 569 1378 596 ;
1391 567 1474 604 ergo
1484 556 1738 591 Sacramentum
1751 555 1918 604 qnantum
1941 554 1982 590 ad
1992 552 2086 591 suum
2100 553 2207 605 figna-

1304 615 1378 642 tum
1391 606 1562 643 ellentialc
1578 631 1588 647 ‚
1611 607 1656 642 est
1668 620 1725 656 per
1738 605 1770 642 se
1781 605 1970 642 defimbile.

1352 659 1456 694 Dices
1470 658 1566 707 quod
1587 671 1659 693 non
1681 658 1728 694 est
1746 656 1904 707 poffibile
1922 656 2125 693 relationem
2139 655 2204 695 elle

1302 718 1406 744 vnam
1419 733 1429 749 ,
1443 714 1479 747 δι
1497 708 1720 745 fundamenta
1731 708 1794 745 esse
1806 709 1915 758 plura,
1925 707 2002 744 cum
2017 707 2204 745 relationes

1302 756 1540 809 specificentur
1553 773 1592 797 ex
1605 759 1852 797 fundamentis,

1353 809 1574 861 Respondeo,
1586 811 1653 857 fiue
1667 809 1877 860 specificetur
1889 835 1899 851 ,
1910 809 1977 847 fiue
1989 809 2121 851 non,de
2132 823 2206 861 quo

1301 860 1384 898 alias
1396 859 1436 904 ἦ,
1447 866 1527 900 dico
1545 863 1640 913 quod
1663 862 1743 899 licet
1765 863 1834 899 hoc
1850 875 1922 898 nun
1936 861 1973 898 (it
1984 861 2143 912 poffibile
2156 876 2203 899 re·
2234 852 2256 878 *
2269 852 2301 882 ¹¹¹
2314 863 2340 884 ¹¹·
2351 851 2381 884 δ’
2397 864 2423 885 ¹·

1300 911 1433 951 latione
1452 915 1556 956 reali,
1567 914 1694 951 scilicet
1707 915 1801 963 quod
1814 912 1884 963 ipsa
1904 911 1944 950 fit
1956 918 2071 954 vna,&
2086 912 2205 949 funda·
2233 904 2365 965 q'gjm„
2378 945 2426 964 “d

1300 976 1416 1002 menta
1425 966 1540 1015 plura,
1555 979 1627 1002 non
1641 978 1755 1002 tamen
1766 967 1813 1001 est
1834 963 2041 1014 impoffibile
2062 965 2104 1000 de
2116 965 2200 1001 rela—
2234 978 2317 1006 mnf,
2348 987 2410 1005 vnn

1300 1018 1399 1052 tione
1408 1020 1564 1055 rationis.
1591 1019 1684 1054 Nam
1695 1015 1776 1053 ficut
1787 1018 1986 1053 videmusin
1998 1015 2128 1052 aditibus
2141 1016 2206 1054 hu-
2230 1021 2315 1058 ports}
2334 1019 2379 1057 ‘ff‘
2396 1020 2427 1046 ἰ·

1300 1072 1411 1103 manis
1422 1094 1434 1108 ‚
1447 1072 1482 1106 &
1506 1067 1608 1118 lignis
1621 1069 1661 1105 ad
1673 1068 1836 1118 placitum
1851 1094 1860 1106 ,
1873 1067 1966 1116 quod
1989 1066 2137 1103 circulus
2148 1081 2204 1103 ot·
2230 1059 2425 1098 P‘¹⁴'¹¹''“s'‘⁸·

1299 1130 1399 1155 natus
1410 1118 1508 1156 foliis
1519 1119 1686 1156 viridibus
1699 1116 1863 1169 appensus
1875 1118 2012 1159 baculo,
2022 1121 2055 1155 ἔ(
2066 1121 2107 1154 cii
2116 1120 2207 1156 mul-
2232 1102 2374 1132 mk·

1301 1172 1346 1205 tis
1361 1170 1488 1208 talibus
1502 1172 1571 1212 ,est
1582 1170 1714 1222 fignum
1733 1168 1956 1220 expreffiuum
1971 1170 2070 1206 musti
2083 1195 2094 1210 ,
2108 1183 2144 1206 vt
2159 1169 2203 1206 fi-

1300 1225 1397 1269 gnati
1411 1247 1422 1263 ,
1435 1223 1532 1272 quod
1550 1235 1664 1259 tamen
1675 1224 1820 1258 mustum
1829 1222 1875 1257 est
1886 1225 1923 1257 in
1936 1220 1968 1258 sc
1980 1234 2086 1257 vnum
2100 1246 2111 1261 ,
2123 1221 2206 1259 licet

1299 1271 1433 1321 (ignum
1444 1278 1517 1310 eius
1532 1273 1696 1310 fundetur
1710 1276 1746 1309 in
1760 1273 1895 1309 realiter
1908 1271 2046 1309 diuerfis
2059 1286 2067 1307 :
2080 1276 2128 1308 ita
2137 1287 2206 1323 po-

1300 1324 1362 1360 test
1371 1324 1534 1362 voluntas
1545 1326 1663 1362 diuina
1677 1338 1734 1375 pet
1745 1326 1857 1361 aetum
1871 1323 2118 1360 suumstatuere
2130 1337 2208 1362 ora·

1299 1376 1433 1412 tionem
1458 1376 1599 1427 longam
1613 1374 1686 1413 ess6
1699 1374 1832 1427 (ignum
1846 1379 1947 1413 vnius
1960 1378 2006 1411 rei
2023 1400 2033 1415 ,
2046 1380 2080 1412 &
2091 1379 2209 1426 gratiae

1299 1426 1521 1464 conferendae
1530 1453 1540 1469 ,
1562 1429 1656 1478 quod
1672 1427 1869 1464 intellectus
1893 1427 2003 1477 potest
2022 1439 2093 1462 vno
2117 1439 2206 1463 con-

1299 1490 1399 1528 ceptu
1417 1479 1614 1529 intelligere
1640 1492 1700 1530 per
1719 1479 1807 1516 illud
1821 1504 1831 1519 ,
1855 1491 1930 1527 quae
1953 1490 2069 1514 tamen
2092 1481 2208 1515 oratio

1299 1530 1409 1566 multa
1426 1531 1560 1567 realiter
1580 1528 1748 1580 significat
1763 1555 1774 1571 ,
1784 1529 1978 1568 &includit
1987 1553 1999 1570 ,
2010 1541 2047 1565 vt
2057 1528 2207 1566 diuersas

1300 1582 1486 1624 dictiones,
1498 1582 1551 1618 vel
1565 1579 1714 1619 diuersas
1726 1584 1918 1622 orationes,
1929 1579 2094 1628 sumendo
2107 1579 2208 1629 sylla-

1298 1628 1357 1667 bas
1370 1636 1575 1670 diffionum.
1597 1633 1661 1671 Vel
1677 1632 1787 1681 potest
1807 1633 1950 1677 statuere
1962 1633 2058 1682 plura
2069 1629 2208 1668 senfibi-

1298 1681 1346 1718 lia
1357 1708 1369 1724 ,
1381 1685 1636 1722 vt'elementum
1647 1685 1656 1725 ᾖ
1667 1689 1703 1721 &
1716 1683 1858 1720 verbum
1871 1680 1935 1719 else
1953 1696 2059 1719 vnum
2074 1682 2208 1732 (ignum

1298 1731 1532 1787 fignati‚quod
1545 1738 1590 1773 est
1603 1733 1785 1772 inuifibilis
1797 1738 1920 1785 gratia,
1933 1735 1973 1770 ad
1985 1747 2088 1784 quam
2103 1733 2210 1770 refer-

1298 1797 1355 1822 tut
1364 1787 1532 1824 relatione
1542 1790 1687 1824 rationis
1697 1799 1764 1822 vna
1776 1812 1787 1827 ,
1799 1786 1878 1823 licet
1891 1785 2053 1822 fundetur
2068 1788 2106 1820 iu
2117 1785 2209 1822 mul—

1298 1839 1344 1875 tis
1355 1862 1367 1879 ,
1385 1851 1426 1875 ex
1448 1838 1573 1889 quibus
1585 1851 1658 1876 non
1671 1839 1780 1888 potest
1800 1837 1874 1875 fieri
1888 1850 1946 1888 per
1958 1836 1991 1874 se
2002 1849 2122 1873 vnum.

1339 1891 1415 1926 'Sed
1438 1891 1596 1941 pote'stne
1623 1892 1879 1928 Sacramentum
1894 1914 1904 1930 ,
1919 1890 2014 1938 quod
2040 1886 2210 1938 fignificat

1296 1941 1394 1996 istam
1407 1942 1612 1979 relationem
1623 1943 1770 1979 rationis
1783 1943 1826 1979 ad
1838 1938 1997 1978 effectum
2006 1945 2138 1990 gratia,
2150 1940 2210 1976 de·
2240 1915 2361 1996 „fitz-J
2380 1962 2433 1990 Sa·

1299 1994 1393 2029 finiti
1405 2001 1417 2028 ἒ
2240 2009 2419 2036 crementum,

1347 2042 1559 2095 Respondeo
1570 2042 1667 2094 quod
1685 2056 1758 2080 non
1776 2041 1887 2079 solum
1902 2044 1938 2079 in
1957 2044 2080 2094 primis
2093 2044 2209 2079 inten·
2236 2042 2367 2089 dfm‘w
2376 2053 2427 2093 ως

1298 2095 1455 2133 tionibus
1468 2095 1740 2146 significantibus
1753 2103 1805 2132 'res
1823 2107 1917 2131 extra
1929 2119 1940 2135 ,
1951 2095 1998 2130 est
2011 2095 2210 2143 praedicatio
2238 2090 2285 2112 ‘¹‘
2316 2088 2435 2158 '1⁶⁰2

1299 2159 1360 2196 per
1370 2145 1404 2183 se
1414 2151 1527 2198 primo
1538 2144 1719 2188 modo.sed
1730 2149 1767 2183 in
1779 2144 2005 2196 conceptibus
2015 2145 2209 2196 significan·
2239 2135 2377 2164 quau-m

1299 2196 1394 2235 tibus
1405 2211 1458 2235 res
1475 2196 1628 2236 secundae
1642 2200 1862 2235 intentionis.
1883 2201 1933 2233 lta
1944 2201 2036 2234 enim
2051 2210 2110 2247 per
2120 2197 2153 2234 se
2163 2197 2211 2234 est
2238 2170 2431 2250 321ἔῖΣῇ

1301 2248 1374 2285 haec
1387 2275 1403 2291 ,⁷
1410 2252 1529 2299 Species
1540 2249 1685 2300 estgenus
1695 2248 1739 2284 ad
1759 2249 1981 2297 mulmspecies
1992 2274 2003 2289 ‚
2026 2246 2108 2285 ficut
2122 2249 2210 2291 haec,
2234 2251 2318 2298 Pf's‘
2324 2251 2429 2292 diffini·

1299 2299 1386 2335 homo
1396 2300 1445 2335 eff
1452 2303 1581 2340 animal,
1595 2306 1630 2336 in
1644 2300 1703 2336 suo
1713 2301 1837 2336 ordine
1850 2324 1862 2340 ,
1873 2303 1956 2347 quia
1970 2300 2043 2336 haec
2056 2303 2208 2337 intentio
2238 2301 2280 2326 ”⁸

1300 2349 1691 2400 secuda,icilicetspect'es,
1702 2350 1805 2387 habet
1816 2349 1875 2387 sub
1889 2349 1920 2386 se
1930 2351 2055 2387 multas
2069 2351 2210 2401 species,

1301 2405 1335 2438 δι
1352 2401 1513 2438 secundas
1524 2405 1758 2442 intentiones,
1769 2401 1851 2438 ficut
1865 2403 1992 2442 animal
2014 2401 2211 2446 hominem,

1300 2451 1430 2489 asinum
1443 2478 1454 2494 ,
1463 2459 1499 2492 &
1515 2452 1712 2490 huiusmodi
1724 2468 1734 2495 ;
1748 2460 1782 2491 ὅ(
1795 2451 1876 2489 ficut
1887 2456 1924 2489 in
1936 2453 2037 2490 rebus
2048 2477 2060 2495 ,
2070 2457 2104 2491 &
2117 2467 2208 2490 con-

1300 2503 1458 2554 ceptibus
1475 2508 1590 2554 ptimae
1603 2507 1812 2543 intentionis
1833 2503 1921 2541 fiunt
1932 2503 2139 2546 diuifiones,
2154 2517 2213 2555 per

1300 2555 1466 2592 formales
1480 2562 1534 2598 ,ὃς
1550 2556 1656 2592 reales
1675 2554 1887 2592 differentias
1906 2555 2001 2592 illius
2020 2562 2212 2606 conceptus

1300 2606 1401 2643 realis
1412 2634 1423 2648 ,
1437 2611 1484 2643 ita
1507 2611 1543 2643 in
1556 2606 1781 2657 conceptibus
1795 2606 2016 2644 secundarum
2037 2610 2210 2644 intentio·

1301 2671 1398 2699 num,
1408 2664 1440 2696 δι
1457 2658 1684 2695 relationibus
1698 2663 1840 2695 rationis
1854 2657 1941 2695 fiunt
1955 2658 2141 2695 diuifiones
2154 2669 2213 2710 pet

1302 2708 1512 2747 differentias
1542 2713 1688 2747 rationis
1714 2710 2034 2760 correspondentes.
2068 2712 2212 2761 Signum

1301 2775 1414 2797 autem
1430 2766 1467 2798 in
1477 2762 1837 2798 communi-diuiditur
1850 2765 1882 2797 in
1898 2760 2030 2811 fignum
2042 2761 2210 2803 naturale,

1301 2817 1335 2850 δι
1349 2813 1481 2862 fignum
1494 2814 1535 2849 ad
1546 2814 1723 2863 placitum,
1734 2813 1830 2861 quod
1845 2814 1930 2849 dicit
1942 2812 2148 2850 relationem
2158 2826 2212 2849 ra-

1302 2868 1411 2900 tionis
1425 2889 1436 2905 ,
1458 2866 1627 2902 diuiditur
1641 2864 1706 2901 suis
1718 2862 1923 2901 differentiis
1945 2868 2115 2914 propriis,
2127 2864 2212 2902 ficut

1302 2914 1434 2965 [ignum
1448 2915 1601 2953 naturale
1615 2914 1695 2957 suis,
1707 2919 1742 2951 in
1755 2914 1888 2966 (ignum
1899 2928 2016 2952 verum
2025 2920 2060 2954 &
2073 2915 2210 2960 fastum,

1303 2972 1339 3005 δε
1360 2966 1515 3004 fimiliter
1537 2971 1573 3003 in
1598 2967 1730 3018 signum
1743 2967 2049 3003 demonstratiuum
2060 2973 2110 3009 ,ἃ
2125 2981 2212 3018 pro-

1301 3020 1495 3069 gnosticum
1508 3035 1517 3063 ;
1531 3024 1564 3056 <St
1578 3018 1659 3056 ficut
1680 3018 1812 3069 lignum
1833 3021 1870 3054 in
1890 3024 2068 3055 communi
2081 3020 2210 3056 dicitur

1301 3071 1344 3106 de
1355 3071 1577 3107 Sacramento
1589 3085 1649 3121 per
1661 3068 1693 3106 se
1702 3096 1713 3112 ,
1734 3075 1768 3108 &
1781 3083 1890 3120 genus
1903 3069 1998 3106 suurn
2011 3096 2022 3112 ,
2036 3083 2083 3107 tta
2096 3076 2128 3108 δι
2144 3071 2208 3108 suae

1302 3119 1503 3159 differentiae
1521 3121 1643 3173 aliquae
1657 3148 1667 3164 ,
1678 3135 1754 3170 quae
1771 3121 1931 3158 diuidunt
1952 3120 2061 3172 ipsum
2076 3147 2087 3163 ,
2099 3135 2134 3159 vt
2146 3121 2211 3161 effi:

1302 3188 1342 3212 ex
1357 3175 1574 3211 institutione
1588 3186 1706 3211 vetum
1718 3198 1730 3214 ,
1751 3178 1785 3211 &
1808 3173 2112 3210 demonstratiuum
2125 3201 2133 3214 2
2158 3176 2213 3211 di·

1302 3238 1427 3263 cuntur
1440 3238 1498 3276 per
1512 3225 1544 3262 se
1558 3227 1599 3262 de
1617 3239 1670 3274 eo.
1694 3226 1729 3261 Si
1743 3238 1827 3274 ergo
1849 3224 2003 3274 loquaris
2022 3226 2066 3262 de
2086 3223 2212 3262 defini-

1303 3280 1415 3318 tione,
1426 3289 1527 3327 prout
1541 3278 1624 3314 dicit
1635 3280 1801 3313 vnitatem
1812 3288 2001 3325 conceptus
2015 3276 2211 3327 significan-

1303 3332 1348 3365 tis
1362 3330 1565 3378 quiditatem
1575 3332 1621 3365 rei
1634 3342 1726 3366 extra
1737 3332 1886 3364 animam
1901 3326 1965 3364 effe
1975 3341 2033 3378 per
2047 3327 2080 3365 se
2095 3341 2212 3370 vnam,

1305 3379 1348 3417 fic
1359 3381 1439 3416 dico
1450 3380 1544 3429 quod
1566 3382 1823 3417 Sacramentum
1836 3393 1909 3416 non
1921 3379 2022 3416 habet
2035 3378 2214 3417 definitio-

1303 3444 1397 3473 nem,
1411 3435 1493 3481 quia
1503 3431 1636 3468 tantum
1649 3433 1740 3468 estin
1752 3428 1784 3467 se
1798 3443 1858 3467 ens
1871 3432 2094 3472 diminutum,
2106 3437 2139 3470 &
2150 3444 2213 3468 ens

1305 3486 1449 3519 rationis
1459 3485 1495 3518 in
1512 3485 1710 3524 anima,cui
1723 3494 1888 3531 repugnat
1901 3480 1966 3518 effe
1988 3485 2024 3518 in
2044 3495 2080 3519 re
2102 3482 2211 3524 extra,

1305 3547 1389 3571 tunc
1402 3532 1480 3571 effer
1495 3533 1625 3584 {ignum
1640 3534 1813 3575 naturale,
1826 3531 1847 3569 fi
1865 3531 1971 3583 posset
1982 3532 2047 3571 effe
2059 3536 2094 3570 in
2107 3547 2143 3569 re
2155 3558 2165 3574 ,
2175 3538 2212 3571 δε

1306 3599 1380 3622 non
1392 3587 1432 3622 ad
1444 3585 1621 3635 placitum.
1649 3588 1684 3622 Si
1706 3597 1819 3621 autem
1843 3584 1997 3634 loquaris
2019 3586 2061 3621 de
2083 3584 2209 3621 defini-

1306 3640 1416 3678 tione,
1431 3649 1533 3686 prout
1546 3638 1630 3674 dicit
1644 3639 1808 3673 vnitatem
1822 3648 2011 3686 conceptus
2024 3637 2211 3685 quiditati-

1305 3692 1353 3729 ui,
1366 3687 1433 3725 fiue
1444 3701 1495 3725 res
1510 3686 1638 3738 fignata
1652 3687 1690 3724 fit
1703 3689 1874 3728 inanima,
1889 3686 1956 3724 fiue
1968 3701 2054 3728 non,
2072 3686 2116 3723 fic
2129 3688 2210 3724 dico

1307 3739 1400 3787 quod
1427 3741 1683 3776 Sacramentum
1699 3738 1737 3774 fir
1748 3739 1872 3788 fignum
1883 3737 2041 3785 imfibilis
2055 3740 2215 3787 gratiaeex

1304 3789 1493 3838 institutione
1505 3790 1613 3827 diuina
1621 3790 1780 3840 efficaciter
1786 3816 1797 3833 ‚
1806 3791 1859 3827 vel
1869 3793 2023 3828 veraciter
2031 3802 2099 3826 eam
2107 3801 2214 3838 repra-

2071 3842 2211 3888 sentan55
