2736 4042
318 380 417 414 rema.

520 109 667 208 596

537 238 618 283 quis
644 231 749 283 posset
773 244 831 281 pet
854 231 952 268 istum
984 229 1121 267 facilem
1147 233 1257 268 actum
1294 235 1444 283 recipere

537 298 759 334 augmentum
776 286 911 332 gratiae,
926 280 990 328 nisi
1012 280 1044 318 se
1059 283 1255 320 humiliaret
1267 284 1309 319 ad
1330 281 1439 321 susce-

538 341 696 388 ptionem
712 335 817 371 illius.

587 389 708 422 Tertio
722 411 733 425 .
743 386 868 425 dehent
883 386 1030 432 recipere
1041 383 1109 419 hoc
1121 386 1376 420 Sacramentum
1387 409 1397 425 ,
1407 396 1443 420 vt

539 436 771 473 adscribantur
793 435 932 471 familiae
945 435 1073 471 Christi
1097 460 1106 477 ,
1127 440 1162 472 ὅ(
1185 434 1267 471 fiant
1291 435 1444 472 membra

538 487 693 524 Ecclefiae
707 488 889 523 militantis
899 511 909 526 ,
920 499 990 534 quo
1000 498 1036 522 vt
1049 487 1200 534 quodam
1214 485 1310 536 figno
1322 487 1443 523 distin·

538 552 690 588 guuntur
702 539 721 574 a
736 551 807 574 non
833 536 970 573 famulis
989 536 1141 579 Christi,
1153 541 1187 574 δι
1201 550 1273 573 non
1286 536 1365 573 filiis
1378 539 1444 574 Ee-

538 589 655 626 clcfiae.
685 588 759 626 Nisi
785 590 877 624 enim
897 585 999 624 essent
1012 586 1163 624 membra
1173 586 1325 624 Ecclefiae
1348 588 1444 625 mili—

538 645 665 680 tantis,
689 654 761 676 non
783 636 914 689 possent
940 637 1090 688 aliquem
1112 640 1225 676 aistum
1245 641 1280 675 in
1296 638 1443 686 Ecclesia

538 704 704 727 exercere.
728 694 1050 739 Qantumcunque
1073 702 1156 739 ergo
1179 688 1242 725 sm:
1265 690 1373 739 aliqui
1390 693 1443 727 iu-

536 740 670 777 stificati
683 745 718 778 in
733 745 787 777 via
800 766 809 781 ,
825 739 891 777 fiue
904 744 940 776 in
953 753 1053 777 vtero
1064 737 1260 777 sanctificati
1275 765 1286 781 ‚
1298 740 1365 778 siue
1374 741 1438 778 ali-

535 797 609 843 quo
620 792 689 829 alio
700 793 981 833 modo,tenentur
990 792 1030 827 ad
1042 790 1248 842 Baptismum
1265 790 1444 842 suscipien-

536 845 617 879 dum
630 869 640 885 ‚
654 844 735 880 dum
751 856 863 880 tamen
884 841 1063 879 nobiscum
1086 855 1262 879 remanent
1277 846 1440 881 viatores.

432 903 440 920 ¹
496 892 508 920 ¹’
538 895 617 931 Hoc
641 895 720 931 dico
742 908 806 945 pro
825 892 1013 931 iustificatis
1044 907 1103 944 per
1117 896 1318 941 Martyrium
1343 908 1440 931 com-

310 1015 479 1044 ttttttttt

310 1057 480 1096 Baptismum

308 1106 463 1129 tenuntur.

304 1563 358 1594 Ad
381 1567 499 1601 primum

301 1607 460 1644 principale.

304 1649 393 1676 Beata
412 1649 500 1685 Virgo,

304 1691 341 1724 ό·
354 1688 469 1727 Apostoli

303 1729 428 1761 batizan·

299 1771 376 1812 sunt.

299 2599 350 2630 Ad
362 2596 492 2638 secunda.

297 2731 348 2765 Ad
371 2732 494 2761 tertium.

339 2772 493 2812 Baptismus

297 2823 379 2852 auger
394 2815 497 2853 grand

295 2856 370 2894 iusta.

294 2949 486 2988 Adquanum.

295 2991 475 3028 QnmuisBa

290 3031 407 3074 prismae
441 3041 491 3061 non

294 3074 490 3109 euufanegra-

294 3122 375 3146 tram.
398 3118 451 3142 oni
474 3130 487 3137 -

293 3157 327 3184 de
343 3155 379 3192 est
388 3158 491 3194 tignum

287 3197 404 3237 falsum.

294 3391 345 3423 Ad
349 3393 485 3433 quinium.

292 3697 315 3727 δ*
329 3695 483 3741 dist.3.q.4.

492 949 506 959 ‘
537 944 668 995 pletum
683 970 695 987 ,
716 959 753 991 vt
775 945 941 995 baptizati
964 943 1137 993 Baptismo
1169 942 1344 994 sanguinis
1366 959 1440 983 non

539 1009 698 1033 tenentur
712 997 752 1033 ad
765 997 970 1046 Baptismum
985 994 1136 1032 fluminis
1147 1010 1157 1038 ς
1169 994 1191 1031 fi
1204 1000 1295 1032 enirn
1308 995 1440 1046 Baptis-

537 1060 613 1084 mus
627 1045 801 1096 sanguinis
814 1061 885 1084 non
902 1046 940 1083 fit
951 1046 1143 1096 completus
1155 1071 1166 1087 ,
1178 1059 1214 1083 vt
1225 1051 1260 1083 in
1273 1047 1343 1084 illis
1355 1072 1366 1089 ,
1377 1051 1439 1096 qui

536 1111 610 1136 non
633 1102 830 1135 moriuntur
852 1112 911 1148 per
929 1101 1130 1145 Martyrium
1145 1123 1156 1139 ,
1181 1098 1236 1134 sed
1258 1097 1438 1136 nobiscum

534 1147 611 1186 sunt
634 1149 775 1187 vlteriits
790 1154 937 1186 viatores
953 1174 962 1190 ,
977 1149 1167 1186 cuiusmodi
1185 1147 1260 1186 sunt
1273 1150 1325 1186 illi
1342 1175 1353 1190 .
1376 1153 1438 1200 qui

532 1199 584 1236 bis
597 1200 759 1251 leguntur
769 1199 831 1237 effe
844 1200 945 1237 sansti
959 1198 1168 1236 confessores
1180 1225 1190 1241 ,
1199 1214 1242 1237 eo
1254 1201 1349 1250 quod
1361 1215 1438 1250 per-

532 1249 726 1289 secutiones
740 1277 751 1293 ,
773 1257 808 1289 &
834 1264 952 1302 peenas
966 1264 1029 1301 pro
1051 1251 1118 1287 fide
1132 1250 1261 1287 Christi
1283 1251 1335 1288 bis
1357 1251 1438 1302 paffi

531 1301 632 1343 sunt,
655 1302 738 1339 tales
761 1327 771 1343 ,
792 1306 933 1351 inquam
947 1327 959 1343 ,
983 1305 1042 1351 qui
1065 1300 1109 1338 fic
1129 1302 1351 1339 iustificantur
1370 1329 1380 1344 ,
1401 1309 1437 1342 δι

530 1352 748 1402 baptizantur
771 1351 946 1402 Baptismo
977 1353 1152 1403 sanguinis
1176 1379 1187 1395 ,
1211 1366 1372 1391 tenentur
1392 1356 1434 1391 ad

530 1403 741 1454 Baptismum
755 1404 908 1441 fluminis
919 1431 929 1446 ,
940 1407 1020 1454 quia
1033 1403 1322 1455 nobiscum,'‚post
1334 1418 1435 1443 vnam

528 1455 972 1497 confeffionem,remancnt
986 1458 1146 1493 viatores.

580 1508 634 1543 Ad
649 1511 819 1543 rationem
841 1512 875 1544 in
891 1509 1064 1557 principio
1078 1505 1233 1557 positam,
1245 1507 1324 1544 dico
1339 1508 1434 1557 quod

530 1569 596 1594 vna
607 1557 714 1607 glossa
735 1557 831 1608 supet
854 1558 938 1595 illud
951 1562 1073 1595 loann.
1092 1572 1145 1603 ¹3·
1159 1557 1350 1606 quilotusest
1362 1584 1372 1600 ,
1384 1563 1433 1596 vi-

530 1609 628 1646 detur
651 1611 763 1646 dicere
774 1610 960 1659 Apostolos
973 1607 1070 1646 fuisse
1084 1608 1278 1659 baptizatos
1288 1616 1340 1652 ,&
1354 1614 1432 1648 Vir·

528 1665 648 1710 ginem
667 1664 810 1697 Mariam
824 1686 835 1702 ,
863 1674 922 1711 per
945 1659 1171 1710 consequens.
1196 1663 1277 1698 Hoc
1296 1662 1433 1699 videtur

529 1711 627 1747 valde
637 1710 816 1760 probabile
827 1738 837 1752 ,
859 1715 939 1762 quia
953 1711 1111 1748 Christus
1125 1712 1239 1749 noluit
1249 1726 1309 1749 eos
1321 1712 1433 1751 facere

527 1761 707 1799 liberiores
724 1760 756 1799 se
770 1762 863 1813 ips03
886 1761 1026 1813 ipsemet
1045 1776 1157 1799 autern
1180 1762 1371 1814 baptizatus
1386 1766 1433 1801 est

527 1812 547 1848 ὲ
573 1817 714 1851 Ioanne.
737 1816 783 1850 In'
798 1827 897 1850 coena
925 1813 1008 1851 fecit
1026 1827 1086 1851 eos
1107 1816 1329 1857 Sacerdotes,
1351 1819 1432 1865 quia

526 1864 623 1901 dedit
646 1867 694 1901 eis
711 1866 911 1915 potestatem
933 1865 1141 1902 conficiendi
1155 1866 1431 1916 corpus,&san·

523 1918 665 1965 guinem
681 1915 775 1954 suum
788 1942 798 1958 ,
819 1915 872 1951 boc
894 1918 1131 1965 quotiestumque
1149 1942 1160 1958 ‚
1181 1923 1248 1954 &c-
1262 1918 1431 1955 Similiter

524 1967 620 2003 dedit
630 1970 679 2004 eis
703 1968 904 2017 potestatem
925 1967 1148 2009 absoluendi,
1166 1972 1200 2005 &
1220 1967 1433 2018 baptizandi,

524 2030 651 2066 quorum
661 2020 834 2065 remiseritis
845 2045 856 2061 ‚
867 2024 902 2057 δε
918 2022 1040 2055 iterum
1054 2044 1064 2061 ,
1072 2022 1120 2055 Ite
1126 2018 1320 2069 baptizantes
1332 2034 1432 2056 omnes

517 2079 636 2118 gentes.
659 2070 722 2106 Ista
735 2083 848 2107 autem
870 2071 912 2107 de
923 2083 1081 2121 congruo
1103 2074 1281 2119 requirunt
1300 2076 1336 2109 in
1348 2085 1431 2109 con·

523 2119 659 2156 fetente
683 2116 814 2169 aliquid
829 2135 900 2171 quo
923 2118 1130 2158 adscribatur
1152 2121 1292 2159 familiae
1319 2123 1425 2160 Chri-

524 2169 564 2207 sti
580 2196 590 2212 ,
605 2176 640 2209 δι
651 2172 877 2222 distinguatur
895 2173 913 2209 a
933 2186 1004 2209 non
1018 2172 1151 2210 familia
1161 2174 1291 2210 Christi
1306 2199 1317 2216 ,
1331 2175 1428 2224 quod

523 2223 569 2259 est
581 2223 753 2259 character
765 2223 1002 2273 Baptismatis:

572 2275 658 2309 Non
679 2278 771 2311 enim
785 2276 832 2311 est
851 2274 1033 2311 verisimile
1047 2275 1233 2325 Apostolos
1248 2277 1428 2325 praedicare

520 2322 654 2373 aliquid
669 2324 744 2362 aliis
756 2351 766 2366 ,
778 2328 873 2374 quod
893 2325 953 2376 ipfi
966 2329 1002 2362 in
1026 2326 1057 2362 se
1074 2326 1152 2376 ipsis
1162 2326 1347 2364 noluerunt
1362 2328 1427 2365 ob-

519 2373 653 2411 seruare
666 2401 675 2416 ,
688 2380 769 2425 quia
794 2378 956 2426 Magister
969 2391 1087 2415 eorum
1103 2378 1196 2429 prius
1214 2379 1424 2427 coepitfacere‚

517 2425 725 2473 qukmfacere.
755 2428 817 2464 vel
836 2430 944 2477 potest
956 2430 1023 2465 dici
1038 2429 1212 2466 Christum
1226 2429 1424 2478 dispensasse

518 2489 596 2513 cum
609 2479 697 2520 istis;
712 2480 806 2528 quod
827 2493 898 2515 non
911 2480 1013 2515 credo
1024 2482 1123 2528 ‚quia
1134 2480 1204 2516 haec
1217 2479 1423 2529 dispensatio

518 2529 559 2564 ad
572 2528 701 2566 nullam
716 2534 864 2580 pertinet
876 2532 1091 2580 dignitatem.

570 2582 624 2616 Ad
644 2580 857 2626 secundum„
877 2582 958 2617 dico
975 2582 1069 2630 quod
1081 2606 1091 2622 ,
1105 2591 1142 2617 vt
1154 2592 1244 2630 patet
1256 2594 1297 2618 ex
1307 2582 1423 2628 dietis,

519 2641 592 2666 non
623 2632 670 2667 est
691 2630 799 2669 simile
820 2634 861 2669 de
882 2631 1056 2683 Raptismo
1080 2631 1256 2682 sanguinis
1272 2658 1284 2674 ,
1302 2637 1337 2670 δι
1360 2632 1422 2671 fla-

521 2693 637 2718 minis.

577 2734 629 2770 Ad
645 2736 803 2775 tertium,
824 2735 903 2771 dico
926 2734 1021 2784 quod
1047 2733 1331 2772 iustificatusuon
1354 2735 1423 2774 fru-

523 2784 585 2820 str‘a
608 2788 729 2835 recipit
747 2784 954 2835 Baptismum
980 2812 990 2826 ,
1014 2790 1095 2834 quia
1117 2797 1424 2838 quantumcunque

522 2834 688 2923 habetsde
711 2840 839 2887 gratia,
857 2835 925 2887 ipsa
939 2836 999 2874 fibi
1014 2849 1156 2887 augetur
1177 2839 1213 2873 in
1226 2842 1424 2888 receptione

518 2888 566 2922 Ba
594 2890 619 2923 ti
637 2890 697 2924 mi.

569 2899 623 2974 lid
644 2950 822 2987 quartum,
850 2940 929 2976 dico
942 2939 1036 2988 quod
1061 2938 1250 2990 Baptismus
1262 2940 1307 2976 est
1329 2940 1422 2979 ablu-

520 2989 571 3025 tio
585 2990 733 3026 anirnaea
755 3002 893 3038 peccato
906 3015 916 3032 ,
937 2991 1077 3040 quando
1093 2989 1161 3040 ipsa
1173 2991 1218 3027 est
1231 2991 1421 3035 abluibilis,

519 3043 554 3076 &
564 3053 666 3090 capax
682 3039 870 3077 ablutionis
882 3057 890 3083 3
911 3055 993 3091 ergo
1006 3041 1064 3078 etsi
1089 3041 1285 3079 iustificatus
1296 3057 1369 3080 non
1382 3044 1422 3082 sit

454 3125 471 3142 n
520 3089 695 3127 abluibilis
717 3117 728 3133 ‚
751 3092 917 3137 quantum
929 3095 975 3129 est
997 3107 1037 3129 ex
1064 3092 1096 3129 se
1118 3104 1128 3134 ,
1149 3094 1167 3129 a
1191 3106 1331 3144 peccato
1361 3109 1420 3145 per

518 3141 725 3190 Baptismum
739 3168 748 3183 ,
768 3141 957 3193 Baptismus
978 3147 1141 3180 tamenin
1160 3158 1202 3181 eo
1223 3158 1295 3181 non
1317 3148 1362 3182 est
1375 3146 1418 3183 si-

517 3205 624 3241 gnum
648 3192 791 3235 falsum,
806 3197 884 3243 quia
909 3194 1015 3244 signat
1035 3199 1179 3245 gratiam
1200 3196 1421 3244 inuifibilem,

517 3256 592 3291 qua:
615 3244 810 3281 infunditur
832 3246 1046 3282 iustificando
1065 3250 1101 3282 in
1115 3246 1312 3296 Baptismo',
1326 3253 1359 3286 ὅ(
1375 3248 1417 3285 fi-

515 3295 781 3344 gnat,quantum
793 3297 839 3332 est
852 3309 891 3333 ex
903 3295 1162 3338 sc,ablutionem
1173 3302 1293 3335 auimae
1308 3301 1326 3336 ὲ
1340 3313 1417 3350 pec-

516 3357 607 3382 cato.

566 3397 619 3432 Ad
641 3395 799 3433 vltimum
812 3423 822 3439 ‚
843 3398 923 3434 dico
936 3399 1027 3446 quod
1044 3398 1240 3437 iustificatus
1260 3414 1318 3451 per
1333 3402 1414 3438 Cir-

514 3446 758 3484 cumcisionem
777 3475 788 3490 ,
813 3462 884 3487 non
910 3449 1089 3486 tenebatur
1121 3462 1200 3487 ante
1230 3450 1415 3501 paffionem

513 3497 656 3537 Christi,
668 3500 809 3547 quando
822 3513 894 3536 non
905 3500 1145 3550 diuulgabatur
1158 3516 1360 3551 preceptum
1375 3506 1417 3541 de

511 3549 686 3599 Baptismo
697 3550 736 3585 ad
749 3551 913 3599 populum
926 3567 936 3594 ς
948 3550 1000 3587 sed
1015 3554 1191 3601 postquam
1205 3554 1344 3591 cadebat
1357 3553 1417 3592 sub

512 3612 698 3650 praecepto,
710 3613 793 3637 tunc
807 3602 984 3639 tenebatur
998 3628 1008 3644 ,
1020 3616 1324 3654 quantumcunque
1337 3605 1417 3644 esset

510 3651 708 3687 iustificatus
720 3652 812 3701 prius
822 3678 833 3695 ,
844 3661 924 3704 quia
936 3665 1018 3691 tunc
1031 3653 1157 3705 ligabat
1170 3669 1305 3698 omnes,
1316 3669 1352 3693 vt
1364 3656 1416 3695 su·

514 3701 572 3752 pra
583 3699 608 3725 ἦ
621 3703 751 3741 dictum
762 3704 819 3742 est.

971 98 1139 183 Lib.
1162 98 1201 184 I
1225 97 1331 186 V.
1402 99 1830 187 Distintstio
1886 99 1975 190 V
2001 99 2034 186 1
2059 102 2115 189 1.

2141 291 2262 338 V11.

1514 395 1664 445 Vtrtim
1698 417 1828 446 omnes
1862 396 2061 466 baptizati
2088 397 2288 467 aequaliter
2316 401 2413 448 reci-

1675 472 1797 538 piant
1812 468 1990 537 effib'lum
2008 473 2200 541 Baptismi
2209 479 2232 520 ,ἒ

1664 289 2061 351 Qvfflsrto

1515 576 1608 606 Alens.
1624 586 1652 614 4.
1660 580 1856 620 part.quast.2t
1864 581 1984 611 ,membro
1997 591 2022 620 3.
2033 582 2069 611 D.
2080 583 2234 611 Bonauent.
2243 578 2292 609 hic
2303 591 2329 610 a.
2337 587 2411 619 part.

1575 626 1607 646 n.
1620 629 1646 648 ι.
1656 621 1739 659 quast.
1764 633 1789 659 3.
1799 622 1932 653 Richatd.
1943 631 1997 653 art.
2011 634 2037 660 3.
2049 621 2134 662 quast.
2149 633 2173 659 3,
2192 624 2227 652 D.
2239 621 2371 652 Thomas
2383 633 2411 659 ς.

1550 662 1714 699 parr.quast.
1736 670 1846 698 69.art.
1859 668 1886 694 8.
1907 663 2072 699 §nar-eu&
2093 663 2221 703 Vasquez
2243 662 2292 693 ibi.
2313 664 2411 694 Palud.

1539 738 1541 740 ι
1553 698 1594 728 hic
1608 703 1693 740 quast.
1709 713 1732 733 ι.
1745 704 1830 734 Gabr.
1841 705 2023 745 questas-rr.
2036 715 2060 735 t.
2079 702 2271 745 Baffol.qucst.
2287 715 2313 736 1.
2323 713 2409 742 ηις.

1553 739 1658 772 Eckius
1677 745 1709 773 de
1737 746 1875 785 Baptismi»
1893 746 1984 778 homil.
2006 756 2050 785 13.
2072 748 2173 777 Scottis
2190 748 2220 776 in
2249 749 2337 776 oxon.
2365 743 2412 784 hic

1555 782 1638 822 qust-
1652 794 1680 820 7·

1653 872 1669 898 t
1685 879 1717 915 R
1730 889 1788 914 cv
1803 891 1814 914 ι
1827 890 1919 916 'rvtt
1947 880 2042 931 quod
2061 878 2132 925 fic3
2156 882 2238 930 quia
2267 880 2408 921 effectus

1513 871 1670 1028 Q
1682 928 1843 979 Baptismi
1858 955 1868 971 ,
1881 942 1916 967 vt
1937 935 2064 982 gratia,
2080 935 2189 982 magis
2202 933 2371 983 dependet
2390 933 2410 969 a

1683 980 1904 1022 conferente,
1925 983 2026 1031 quam
2039 983 2058 1019 a
2078 981 2279 1033 suscipiente
2297 1010 2309 1026 ,
2329 987 2411 1035 quia

1510 1033 1651 1071 effeetus
1664 1035 1772 1082 magis
1785 1032 1954 1083 dependet
1975 1031 2017 1069 ab
2029 1045 2171 1083 agente;
2192 1034 2294 1084 quarn
2305 1036 2324 1072 a
2337 1034 2412 1086 pas-

1511 1083 1548 1122 so
1559 1110 1569 1127 ,
1582 1090 1617 1123 &
1631 1085 1710 1122 ideo
1724 1087 1908 1133 requiritur
1922 1086 2071 1120 intentio
2084 1087 2120 1121 in
2131 1085 2289 1123 ministro
2301 1086 2413 1137 bapti-

1510 1149 1611 1173 zante
1622 1161 1632 1177 ,
1643 1141 1678 1174 &
1700 1148 1773 1173 non
1794 1132 1996 1184 suscipiente
2008 1136 2202 1185 Baptimum
2214 1136 2410 1181 neceffari&

1511 1185 1565 1224 sed
1582 1201 1653 1224 non
1666 1188 1712 1224 est
1734 1185 1910 1236 aequalitas
1933 1184 2072 1222 effectus
2093 1184 2273 1272 Baptismi,
2285 1201 2323 1225 vt
2334 1201 2411 1240 gra-

1510 1242 1565 1275 tiat
1584 1264 1595 1281 ,
1619 1250 1758 1289 propter
1777 1236 2132 1286 inequalitatem-con
2152 1241 2320 1276 erentium
2336 1265 2348 1282 ,
2371 1250 2410 1277 vt

1510 1291 1654 1327 ministri
1668 1289 1766 1330 boni,
1777 1294 1810 1326 &
1824 1288 1925 1330 mali;
1938 1301 2021 1340 ergo
2034 1300 2098 1324 nec
2111 1297 2251 1338 propter
2262 1291 2410 1340 inaequa·

1509 1341 1642 1378 litatem
1656 1339 1923 1391 suscipientium.

1560 1391 1695 1430 Contra
1712 1407 1721 1431 z
1743 1404 1829 1434 vnus
1844 1389 1983 1428 effeetus
2002 1389 2186 1441 Baptismi,
2207 1395 2267 1440 qui
2289 1393 2336 1430 est
2355 1405 2408 1431 te-

1506 1441 1638 1486 mimo,
1652 1442 1706 1480 vel
1718 1443 1884 1480 extinRio
1905 1441 2040 1478 fomitis
2054 1467 2066 1484 ,
2080 1454 2153 1478 nou
2166 1442 2214 1479 est
2234 1444 2409 1494 aequaliter

1507 1498 1543 1531 in
1565 1494 1728 1532 omnibus
1748 1494 1942 1545 baptizatis.
1969 1493 2118 1547 Patetad
2137 1491 2267 1531 sensum
2281 1508 2342 1545 per
2352 1508 2411 1534 ex-

1506 1550 1724 1597 perientiam.
2373 1540 2386 1564 Ψ

1556 1601 1642 1635 Item
1657 1623 1667 1639 ,
1678 1599 1771 1634 aetus
1792 1597 1982 1635 nerinorum
2006 1595 2081 1634 sunt
2095 1598 2131 1632 in
2144 1597 2296 1646 patiente
2305 1611 2408 1647 prout

1505 1647 1691 1699 disposito,
1715 1646 1770 1685 sed
1785 1660 1856 1684 non
1877 1661 1998 1685 omnes
2012 1647 2086 1684 sunt
2100 1646 2276 1696 aequaliter
2287 1647 2345 1686 dis
2363 1663 2406 1686 o-

1505 1699 1558 1736 sui
1573 1714 1632 1750 per
1653 1703 1901 1737 contritionem
1914 1726 1924 1741 ,
1946 1704 1979 1737 ὅ(
1995 1699 2219 1736 deuotionem
2237 1700 2278 1736 ad
2299 1663 2408 1738 susce—

1505 1754 1662 1801 ptionem
1674 1749 1860 1802 Baptismi,
1874 1764 1973 1802 erge,
1983 1752 2060 1790 δία

1708 1868 2172 1911 SCHOLIVM.

1554 1968 1716 2017 eAEqualis
1738 1970 1784 2005 ιὲἶ
1794 1970 1905 2019 gratia
1927 1970 2082 2020 Baptismi
2100 1981 2140 2003 ex
2152 1978 2246 2018 parte
2256 1970 2320 2003 Der'
2330 1969 2406 2016 ,se'd

1503 2021 1655 2067 inaquam
1666 2022 1717 2068 ff
1728 2022 1826 2071 poteft'
1846 2034 1885 2056 ex
1903 2031 1993 2070 parte
2006 2021 2196 2070 firssipn'enta'r
2209 2045 2219 2061 ,
2231 2018 2353 2057 dubitat
2362 2034 2404 2056 aen

1503 2071 1682 2122 disposuerit
1697 2075 1785 2108 Deus
1797 2074 1942 2107 maiorem
1953 2074 2095 2121 gratiam
2113 2069 2187 2108 dare
2197 2069 2245 2106 his
2252 2072 2404 2123 pannulis,

1503 2123 1596 2171 quim
1608 2123 1667 2158 illa
1677 2149 1687 2164 ,
1703 2123 1761 2171 sed
1776 2122 1856 2159 nih-‘l
1870 2124 1981 2170 afferit.
2002 2122 2171 2170 Affirmant
2182 2132 2284 2156 tamen
2294 2123 2404 2169 Baffbl.

1502 2173 1599 2211 Gabr.
1610 2177 1649 2213 ὠ·
1661 2175 1777 2220 eckius
1794 2176 1895 2211 citati.
1919 2170 2017 2220 de
2031 2169 2167 2218 aeitfortb
2178 2184 2218 2206 ex
2228 2170 2403 2222 meritbpa-

1501 2237 1620 2261 rentum
1637 2227 1781 2260 maiorem
1800 2225 2018 2272 dartgratiam
2031 2222 2170 2273 paruulis
2184 2247 2194 2262 ‚
2214 2223 2349 2272 loquitur
2367 2223 2405 2260 de

1499 2281 1606 2312 merito
1625 2276 1662 2311 de
1681 2289 1830 2324 congruo,
1855 2277 1894 2313 ὠ·
1916 2272 1996 2309 nihil
2011 2275 2110 2322 afferte
2123 2288 2134 2307 :
2152 2274 2279 2321 afferunt
2300 2285 2404 2311 tanim

1498 2339 1560 2364 tres
1581 2330 1683 2364 citati.
1708 2326 1788 2362 Vide
1812 2325 1951 2370 Eckg‘um
1971 2337 2044 2363 tom.
2060 2339 2091 2372 3.
2121 2323 2224 2362 homil.
2244 2324 2282 2360 de
2293 2328 2402 2373 sanilo

1497 2380 1645 2414 Nicolaeo.

1586 2477 1768 2527 Espondeo
1781 2479 1823 2516 ad
1835 2478 2056 2528 quaestionem
2069 2502 2080 2519 ,
2090 2477 2185 2527 quod
2200 2477 2275 2516 cum
2290 2479 2332 2516 ad
2345 2480 2399 2517 ef-

1585 2529 1712 2569 fectum
1743 2529 1905 2581 Baptismi
1927 2541 2133 2566 concurrant
2154 2527 2249 2566 cansa
2269 2534 2398 2580 princi-

1497 2583 1582 2631 palis
1608 2608 1618 2623 ,
1644 2595 1679 2618 vt
1702 2584 1795 2619 Deus
1820 2607 1831 2622 ,
1851 2586 1886 2618 δι
1907 2578 2004 2617 causa
2025 2583 2226 2623 meritoria,
2242 2593 2280 2617 vt
2292 2581 2396 2631 paffio

1496 2634 1648 2674 Christi,
1664 2638 1697 2670 δε
1723 2631 1904 2682 suscipiens
1919 2657 1930 2672 ,
1956 2631 2131 2680 aequalitas
2149 2657 2160 2673 ,
2182 2636 2217 2669 δι
2242 2635 2392 2682 inequa-

1496 2683 1574 2721 litas
1598 2683 1733 2735 possunt
1760 2684 1890 2721 attendi
1913 2695 2016 2733 penes
2039 2681 2221 2731 quodlibet
2245 2684 2398 2724 istorum.

1496 2737 1531 2773 Si
1558 2739 1650 2773 enim
1673 2735 1867 2777 attendatur
1887 2733 2111 2783 aqualitasin
2127 2733 2247 2771 effectu
2269 2734 2399 2785 Baptis-

1496 2790 1543 2823 mi
1559 2800 1661 2836 penes
1681 2799 1785 2836 agens
1808 2784 2017 2836 principale,
2040 2783 2084 2820 fic
2099 2786 2179 2821 dico
2203 2785 2296 2834 quod
2317 2784 2398 2823 effe-

1496 2840 1569 2875 &us
1582 2836 1741 2888 Baptismi
1754 2838 1800 2873 est
1812 2851 1838 2873 ae
1867 2836 1951 2872 ualis
1964 2841 1998 2872 in
2012 2835 2173 2872 omnibus
2186 2860 2196 2877 ,
2210 2839 2291 2884 quia
2303 2836 2398 2875 Deus

1495 2893 1532 2927 in
1546 2887 1578 2925 se
1588 2890 1726 2938 aequalis
1740 2888 1837 2938 dispo
1855 2891 1903 2924 uit
1920 2887 1988 2923 hoc
2001 2886 2098 2936 {igno
2114 2885 2303 2936 baptismali
2315 2887 2398 2925 sem-

1493 2953 1552 2991 per
1573 2940 1732 2976 conferte
1743 2938 1907 2988 aequalem
1921 2941 2064 2988 gratiam
2077 2964 2088 2980 ,
2108 2942 2144 2976 ὃ(
2155 2938 2284 2987 aequale
2293 2937 2398 2990 signa-

1496 3005 1567 3029 tum
1582 3017 1593 3033 ‚
1608 2991 1629 3027 si
1643 2990 1707 3028 alia
1717 2989 1782 3027 fint
1795 2990 1948 3039 aequalia.

1546 3044 1580 3079 Si
1597 3042 1792 3079 attendatur
1815 3053 1917 3091 penes
1930 3037 2061 3077 causam
2084 3041 2296 3077 meritoriam
2316 3067 2326 3082 ‚
2351 3040 2395 3078 fic

1494 3095 1603 3144 potest
1616 3091 1679 3130 esse
1689 3093 1900 3142 inaequalitas
1911 3107 1921 3135 ς
1933 3103 2067 3127 tenetur
2077 3094 2169 3126 enim
2179 3091 2272 3139 quod
2288 3091 2393 3129 Chri-

1493 3147 1559 3182 stus
1574 3149 1672 3181 nouit
1686 3143 1824 3181 scientia
1841 3141 1980 3180 visionis
1994 3145 2089 3191 (quae
2103 3142 2148 3177 est
2161 3141 2308 3192 respetstu
2333 3143 2384 3180 fu·

1493 3195 1673 3238 tutorum)
1698 3198 1815 3232 omnia
1828 3207 1903 3244 quae
1926 3191 2002 3230 sunt
2018 3197 2053 3228 in
2076 3192 2193 3230 Verbo
2208 3199 2260 3235 ,δι
2275 3198 2393 3231 omnia

1492 3261 1566 3296 quae
1579 3251 1679 3283 uouit
1689 3245 1839 3284 Verbum
1855 3271 1866 3286 ,
1885 3249 1919 3282 δι
1938 3248 1986 3281 ita
1995 3246 2094 3280 nouit
2116 3244 2253 3293 aliquos
2264 3245 2392 3283 electos

1493 3297 1556 3335 esse
1577 3295 1783 3349 praeuisos&
1806 3296 2059 3346 praedestinatos
2072 3296 2114 3331 ad
2133 3298 2297 3332 maiorem
2317 3297 2392 3346 glo-

1492 3353 1576 3385 riam
1593 3347 1775 3385 secundum
1794 3348 1930 3397 aliquos
1945 3373 1955 3388 ,
1977 3350 2012 3383 δι
2036 3349 2084 3382 ita
2096 3349 2209 3395 potuit
2234 3346 2392 3386 obtulisse

1491 3398 1677 3450 paffionem
1701 3397 1811 3440 suam,
1831 3411 1866 3434 vt
1880 3396 2012 3434 causam
2027 3400 2237 3434 meritoriam
2251 3402 2392 3436 maioris

1490 3454 1607 3501 gratiae
1622 3451 1696 3500 plus
1710 3453 1792 3491 vni,
1805 3450 1905 3499 quam
1917 3449 2034 3488 alteri,
2047 3460 2083 3484 vt
2097 3449 2340 3498 praedestinatis
2349 3451 2391 3487 ad

1492 3506 1657 3539 maiorem
1672 3502 1832 3552 gloriam,
1843 3500 1944 3550 quam
1955 3500 1994 3535 ad
2006 3502 2190 3536 minorem.

1541 3557 1626 3589 Item
1639 3578 1647 3593 ‚
1661 3551 1764 3602 paffio
1788 3550 1844 3588 sua
1857 3565 1948 3587 nunc
1962 3549 2114 3587 exhibita
2124 3553 2232 3600 magis
2243 3563 2390 3588 meretur

1491 3604 1593 3642 nobis
1608 3604 1753 3652 ,quibus
1772 3606 1839 3638 iam
1856 3601 2008 3639 exhibita
2028 3602 2074 3638 est
2088 3626 2097 3642 ‚
2110 3601 2213 3650 quam
2234 3602 2390 3639 Patribus

1490 3661 1524 3694 δι
1539 3652 1873 3703 Prophetis,quibus
1895 3653 2027 3689 tantum
2040 3652 2176 3700 praeuisa
2196 3657 2231 3690 &
2250 3666 2388 3704 praecre·

1490 3710 1639 3745 ditaerat
1650 3705 1836 3755 aliquando
1850 3703 2053 3742 exhibenda.

1537 3759 1590 3796 De
1610 3754 1811 3809 suscipiente
1825 3758 2080 3795 Sacramentum
2095 3752 2257 3806 Baptismi
2270 3754 2387 3790 distin-

2302 3818 2388 3857 guo,

2437 1404 2521 1436 Raeto
2527 1403 2566 1436 ad
2573 1411 2628 1446 opp.

2427 2545 2476 2575 Ad
2500 2521 2621 2588 (ᾖξε,

2423 2590 2555 2628 Baptismi
2561 2593 2620 2622 ω’.

2425 2639 2594 2663 uncum.

2423 3047 2489 3086 §Qun
2512 3050 2616 3079 ratim

2421 3090 2527 3130 affe&-
2555 3094 2612 3120 Ba·

2418 3132 2514 3170 prisma·
2540 3131 2614 3160 dicl-

2421 3182 2469 3203 tur
2499 3173 2614 3212 aqualis,

2422 3214 2519 3256 &qua
2529 3223 2589 3245 non.

2439 3658 2611 3698 Sufiipn'ems

2419 3699 2591 3737 Baptismum

2410 3742 2480 3779 sunt
2488 3741 2610 3780 indupli-

2418 3785 2446 3813 τι·
2465 3783 2607 3823 difforma-
