2736 4042
385 1057 421 1095 8.

300 1112 494 1151 Raeqciturpn‘-

301 1165 356 1185 mo,

339 1632 399 1658 Non
409 1625 499 1656 minin

305 1669 454 1708 impvffibile
464 1668 500 1705 est

306 1711 357 1740 dno
396 1719 500 1747 corpora

308 1750 354 1791 offe
384 1754 412 1781 in
443 1761 500 1779 vno

307 1794 362 1831 lqro
383 1813 390 1826 ,
418 1791 501 1831 quiam

307 1844 395 1862 vnum
413 1842 502 1872 corpus

306 1877 336 1905 in
346 1874 445 1906 duobus
464 1877 501 1907 so-

312 1917 358 1946 eis.

314 2587 495 2627 Dt'menfiones

315 2633 397 2660 [oran
413 2632 477 2668 sunt

311 2680 408 2712 priores
429 2674 476 2700 loci

316 2713 485 2753 dimensioni-

316 2756 373 2784 bus.

317 2993 507 3086 onbzurpn'-

318 3087 371 3107 mo.

317 3266 446 3298 Secunda.

320 3370 441 3400 Aristar.

321 3411 422 3439 Vltima
431 3408 506 3449 βαίη»

319 3461 351 3479 m
372 3461 420 3480 non
439 3450 510 3487 nstin

319 3492 382 3522 leco.

505 137 636 236 638

510 260 564 294 vei
579 261 613 293 in
628 256 760 293 duobus
774 256 859 292 locis
871 281 880 295 ‚
893 252 1044 303 sequitur
1055 250 1284 287 contradifflo
1294 273 1304 288 ,
1315 251 1418 285 cuius.

511 310 616 344 altera
629 322 700 357 pars
725 321 796 343 non
815 309 922 355 potest
945 305 1076 340 absolui
1097 309 1115 338 a
1138 313 1223 337 tota.
1250 302 1412 348 Sequitur

514 372 606 394 enim
619 360 713 408 quod
726 360 815 394 idem
836 357 873 392 sit
889 353 994 391 vnum
1009 380 1019 394 ,
1036 360 1070 391 &
1088 366 1159 388 non
1177 364 1294 387 vnum.
1313 356 1413 404 *Qia

514 408 597 445 sicut
610 423 767 458 arg-titum
782 410 825 444 est
840 406 1030 456 supia‚iicut
1044 416 1167 453 corpus
1182 404 1411 456 dimeiiiioiia-

515 471 588 495 tum
605 484 614 499 ‚
636 467 670 496 ἃς
693 472 859 508 quantum
881 454 1172 493 commensuratur
1193 455 1414 487 dimeunoni-

515 509 577 546 bus
593 511 674 550 loci,
688 515 735 546 ita
757 520 1020 545 connumeratur
1041 505 1225 541 secundum
1236 515 1416 551 quantum.

518 565 553 598 &
567 565 769 597 continuum
785 586 795 601 ,
806 571 983 596 numerato
999 558 1078 593 loco
1092 571 1101 598 3
1113 556 1167 591 sed
1181 561 1224 590 lic
1235 567 1304 589 nou
1319 554 1366 588 est
1377 566 1415 588 ex

517 611 582 646 alia
597 624 699 660 parte.
722 615 819 660 Qia
839 611 933 659 quod
960 611 1028 644 duo
1051 619 1198 656 corpora
1209 617 1280 640 non
1294 603 1355 639 sint
1372 603 1413 638 si-

516 663 635 697 mulin
649 664 770 698 eodem
785 667 878 701 loco,
892 662 960 696 hoc
973 672 1044 695 non
1057 659 1101 694 est
1114 657 1173 693 niti
1190 656 1331 705 propter
1349 667 1415 689 im-

517 713 752 760 pedimentum
768 711 999 760 dispositionis
1014 713 1190 746 contrariae
1202 715 1213 746 3
1226 709 1244 741 a
1259 719 1325 754 qua
1336 704 1416 754 pos-

517 761 594 798 s'tint
618 762 750 800 absolui
771 778 780 805 i
802 776 873 798 non
891 766 982 798 enim
1005 770 1170 808 repugnat
1192 759 1260 792 duo
1276 769 1420 804 corpora

519 811 583 848 esse
609 812 725 856 simu13
744 813 804 849 nisi
819 826 958 863 propter
982 814 1123 847 modum
1139 812 1419 857 quantitatiuum‚

519 876 622 912 quem
637 866 775 906 habent,
787 878 820 900 vt
839 863 874 900 lit
889 866 975 899 ordo
990 865 1136 911 partium
1153 865 1187 894 in
1199 859 1290 900 loc05
1303 858 1343 893 ab
1354 858 1421 894 hoc

519 926 632 950 autem
646 918 755 966 potest
768 914 897 951 absolui
916 927 971 963 per
986 915 1104 949 dotem
1121 910 1332 948 subtilitatis,
1348 921 1421 955 qtiae

520 966 566 1000 cst
583 969 736 1013 quaedam
757 969 913 1016 potentia
923 965 1104 1002 excludens
1126 963 1219 997 istam
1233 957 1422 1008 dispositio-

523 1029 601 1051 nem
616 1023 837 1054 contrariam.

574 1070 638 1104 Sed
650 1070 709 1105 ista
729 1071 816 1105 ratio
831 1066 920 1103 nihii
943 1065 1024 1101 facit
1037 1065 1078 1100 ad
1102 1061 1308 1100 solutionem
1322 1073 1422 1109 argu-

523 1122 631 1155 menti
648 1144 657 1160 ,
671 1123 751 1168 quia
765 1118 787 1154 si
809 1131 966 1168 oporteat
992 1113 1170 1152 necessario
1195 1110 1424 1148 dimensiones

524 1170 629 1206 locati
650 1168 914 1206 commensurari
928 1165 1194 1204 dimensionibus
1206 1165 1344 1200 loci.aut
1357 1161 1426 1214 hoc

524 1222 570 1256 est
590 1222 746 1269 praecise,
762 1228 843 1270 quia
855 1218 1079 1255 dimensiones
1094 1217 1196 1252 locati
1209 1216 1424 1249 commensu-

524 1284 640 1307 rantur
651 1272 919 1308 dimensionibus
942 1271 1008 1306 loci
1022 1293 1032 1309 ‚
1050 1279 1189 1303 autnon
1203 1265 1338 1314 ptaecise
1348 1276 1425 1312 pro·

524 1335 599 1370 pter
613 1325 680 1358 hot:
693 1349 702 1364 ‚
715 1322 768 1359 sed
791 1333 928 1372 propter
944 1321 1034 1356 aliud
1047 1331 1122 1354 cum
1137 1318 1195 1352 tali
1210 1313 1426 1350 commensu-

524 1379 658 1410 ratione
674 1400 683 1415 ,
698 1387 732 1410 vt
745 1379 825 1423 quia
839 1370 1065 1409 dimensiones
1083 1368 1186 1404 locati
1210 1363 1425 1402 commensu-

525 1437 642 1460 rantur
665 1439 741 1461 cum
767 1426 911 1473 quadam
949 1423 1125 1472 prioritate
1157 1416 1426 1453 dimensionibus

524 1475 594 1511 loci
607 1500 616 1515 ‚
632 1482 665 1513 &
693 1477 770 1512 ideo
798 1472 1113 1511 commensurantut
1133 1472 1181 1506 eis
1195 1494 1205 1508 ,
1218 1468 1297 1503 licet
1316 1481 1387 1503 non
1409 1468 1426 1503 ὲ

525 1525 693 1563 conuerso
707 1552 717 1567 ‚
739 1529 818 1577 quia
841 1527 882 1561 ad
904 1520 1270 1561 commensurationem
1291 1521 1428 1567 prioris,

526 1575 677 1626 sequitur
699 1575 987 1613 commensuratio
1009 1573 1202 1624 posterioris
1214 1595 1223 1610 ,
1239 1570 1316 1605 licet
1327 1570 1427 1609 none

527 1627 693 1665 conuerso
708 1637 717 1663 Ξ
741 1631 776 1665 Si
790 1632 900 1678 primo
917 1626 1036 1666 modo,
1050 1625 1126 1660 eum
1141 1620 1427 1659 commensuratio

527 1679 564 1715 sit
577 1682 700 1716 relatio
716 1684 906 1728 iriutua,per
916 1676 1126 1726 consequens
1134 1673 1235 1710 iocus
1251 1685 1429 1710 commen·

528 1730 657 1767 suratur
672 1732 787 1768 locato
800 1756 810 1772 ,
825 1730 904 1766 sicut
919 1731 936 1765 ὲ
949 1728 1115 1765 conuerso
1132 1751 1141 1766 ,
1157 1727 1237 1773 quia
1248 1727 1281 1760 in
1294 1723 1429 1760 relatio-

530 1782 630 1818 nibus
647 1786 772 1819 mutuis
795 1783 840 1819 est
852 1794 968 1818 mutua
979 1779 1216 1829 dependentia.
1245 1777 1278 1811 Si
1291 1787 1429 1824 propter

530 1831 636 1869 solam
649 1831 1018 1870 commensurationem
1033 1832 1136 1867 locati
1152 1828 1191 1863 ad
1205 1827 1318 1862 locum
1330 1838 1428 1862 com-

530 1883 766 1921 mensurantur
787 1882 1013 1921 dimensiones
1034 1882 1137 1918 locati
1157 1876 1427 1926 dimensionibus

529 1935 624 1977 loci3
648 1939 752 1985 igitur
772 1936 789 1971 ὲ
815 1933 983 1972 conuerso
1005 1929 1231 1969 dimensiones
1246 1929 1314 1965 loci
1338 1941 1431 1964 com-

529 1984 813 2023 mensurabuntur
826 1984 1094 2022 dimensionibus
1104 1983 1221 2020 locati,
1234 1985 1267 2017 &
1280 1985 1326 2015 ita
1336 1992 1431 2015 com-

529 2036 766 2074 mensurantur
800 2036 1026 2073 dimensiones
1062 2035 1130 2071 loci
1163 2029 1432 2067 dimensionibus

529 2088 650 2129 locati,
665 2089 745 2125 sicut
760 2090 776 2125 ὲ
790 2087 957 2125 conuerso
971 2113 980 2128 ,
993 2090 1073 2136 quia
1089 2082 1374 2120 commensuratio
1388 2083 1434 2118 est

529 2142 653 2176 relatio
666 2153 796 2181 mutua,
810 2146 842 2177 δι
857 2153 914 2190 per
927 2141 1138 2186 conloquens
1152 2133 1173 2169 si
1188 2146 1325 2182 propter
1337 2145 1430 2168 com-

529 2189 819 2228 mensurationem
846 2191 951 2226 solam
975 2189 1130 2238 sequatur
1155 2198 1276 2233 corpus
1291 2187 1433 2239 existens

530 2245 567 2279 iu
584 2243 717 2279 duobus
733 2244 818 2279 locis
830 2241 893 2278 esse
908 2246 1066 2281 vnum&
1078 2251 1147 2274 non
1162 2249 1286 2285 vnum}
1301 2238 1347 2270 ita
1358 2240 1381 2274 ‚li
1397 2249 1432 2270 in

530 2297 652 2330 eodem
668 2296 747 2330 loco
763 2292 862 2330 essent
875 2295 944 2337 duo
956 2304 1118 2341 corpora,
1131 2287 1324 2336 sequeretur
1339 2288 1434 2334 quod

533 2346 630 2381 locus
651 2344 728 2382 esset
745 2358 830 2381 vnus
844 2351 896 2385 ,δι
911 2358 981 2380 non
998 2356 1093 2379 vnus.
1116 2342 1149 2375 Si
1163 2351 1300 2391 propter
1316 2341 1433 2373 sccun-

533 2398 614 2432 dum
629 2422 637 2436 .
652 2397 809 2433 videlicet
837 2408 975 2445 propter
999 2395 1366 2430 commensurationem
1386 2391 1433 2424 di-

533 2446 716 2484 mensiuam
731 2448 833 2483 locati
848 2473 858 2488 ,
871 2457 901 2484 ἃ
922 2448 988 2483 loci
1009 2458 1085 2481 cum
1099 2442 1242 2491 quadani
1257 2445 1435 2489 prioritate

533 2498 815 2547 earuin,sequitui:
831 2501 1058 2534 commutatio
1072 2492 1321 2530 dimensionum
1337 2494 1436 2527 vnius

534 2551 574 2586 ad
585 2554 893 2586 commutationem
916 2546 1164 2585 dimensionum
1185 2545 1322 2578 alterius
1335 2566 1344 2582 ,
1359 2543 1434 2577 tum

535 2600 762 2638 dimensiones
793 2603 895 2636 locati
930 2599 990 2634 sint
1015 2603 1143 2646 priores
1167 2593 1436 2630 dimensionibus

536 2654 619 2694 loci,
635 2661 670 2688 vt
695 2651 847 2701 probabo
865 2677 874 2692 ,
886 2650 1034 2698 sequitur
1048 2649 1142 2696 quod
1158 2647 1199 2681 ad
1211 2643 1437 2680 mensuiatio-

535 2718 612 2740 nem
636 2703 886 2739 dimensionum
915 2703 1019 2738 locati
1052 2700 1201 2746 sequitur
1229 2698 1437 2732 meiisuratio

536 2754 785 2791 dimensionum
800 2755 867 2790 loci
881 2779 890 2794 ‚
915 2758 946 2790 ὃ(
962 2765 1042 2787 tunc
1055 2750 1140 2786 vltra
1156 2747 1303 2795 sequitur
1315 2750 1436 2783 incon-

537 2812 677 2843 ueniens
691 2805 782 2841 sunm
793 2802 1111 2851 contrarium,qiiod
1126 2801 1194 2835 duo
1205 2810 1349 2846 corpora
1364 2811 1435 2838 ηομ

536 2858 669 2907 possunt
684 2855 746 2893 eisc
761 2857 856 2893 simul
868 2860 902 2891 iii
914 2857 1035 2892 eodem
1055 2857 1134 2889 loco
1145 2876 1155 2891 ,
1170 2848 1228 2889 nisi
1243 2861 1327 2885 viius
1340 2848 1436 2886 locus

538 2909 575 2946 sit
593 2911 659 2945 duo
674 2909 758 2944 loca.

587 2960 800 3009 Assumptum
821 2956 1184 3008 probaturtripli'citet.
1209 2951 1343 2993 Primo,
1358 2954 1438 3000 quia

537 3010 764 3048 dimensiones
778 3010 881 3046 locati
899 3007 971 3044 sunt
986 3006 1080 3043 causa
1094 3017 1195 3053 quare
1209 3001 1437 3039 dimensiones

538 3063 620 3105 loci,
636 3069 668 3099 δε
685 3060 870 3110 supeificiei
883 3063 1094 3095 continentis
1106 3055 1167 3091 sint
1182 3059 1216 3090 in
1231 3056 1319 3089 actu.
1345 3055 1435 3090 Nam

538 3113 727 3167 supeificies
744 3117 898 3160 corporis
921 3114 1132 3146 continentis
1155 3119 1226 3141 non
1246 3106 1291 3141 est
1313 3118 1347 3140 in
1361 3107 1436 3140 aQu

537 3164 598 3201 nisi
613 3164 698 3200 fasta
724 3164 889 3199 diuisione
914 3165 1059 3212 partium
1081 3159 1292 3195 continentis
1311 3168 1367 3204 pet
1381 3157 1434 3191 di-

537 3215 728 3252 mensiones
744 3212 930 3252 locati‚sitie
940 3214 1108 3248 contenti.
1293 3245 1296 3247 ,

589 3267 745 3303 Secundo
758 3266 918 3315 probatur
936 3266 1036 3299 idem.
1065 3262 1159 3309 Qia
1178 3257 1262 3312 illud
1278 3258 1322 3292 est
1334 3259 1438 3306 prius,

540 3320 633 3365 quod
650 3318 754 3366 potest
767 3316 828 3352 effe
842 3315 908 3351 sine
919 3316 987 3350 alio
1003 3312 1183 3348 secundum
1200 3312 1437 3344 definitionem

541 3367 741 3416 Philosophi
760 3381 789 3404 2.
811 3365 996 3415 Metaphff?
1015 3375 1079 3413 cap.
1097 3380 1125 3401 ι..
1150 3362 1215 3397 hoc
1230 3373 1299 3395 non
1317 3359 1333 3393 ὲ
1349 3373 1429 3413 eon-

542 3419 637 3456 uerso
649 3446 658 3460 ‚
678 3417 731 3454 sed
745 3417 971 3454 dimensiones
993 3420 1146 3463 corporis
1161 3409 1292 3462 possunt
1305 3410 1368 3446 elle
1380 3436 1387 3449 ,
1403 3415 1436 3446 &

541 3469 616 3507 sunt
642 3470 709 3506 sine
736 3467 1004 3505 dimensionibus
1030 3467 1109 3502 loci.
1133 3466 1224 3502 Patet
1254 3462 1295 3497 de
1320 3462 1438 3497 vltima

541 3522 666 3571 sphaera
681 3546 688 3560 ‚
703 3534 775 3568 qiioe
789 3534 858 3555 nou
881 3520 923 3554 est
940 3524 974 3553 iii
999 3518 1090 3553 loco.
1105 3519 1184 3564 qnia
1197 3527 1268 3548 non
1282 3514 1437 3548 contine-

542 3585 596 3608 tiir
618 3572 658 3608 ab
677 3572 793 3620 aliquo
819 3571 887 3606 alio
908 3595 918 3610 ,
952 3573 1030 3617 qnia
1051 3567 1138 3603 nihil
1159 3563 1307 3613 superius
1329 3564 1373 3598 est
1396 3564 1437 3598 ad

541 3622 644 3671 ipsam
660 3648 668 3662 ,
684 3624 759 3658 cum
783 3621 817 3657 sit
843 3621 999 3656 vltimuin
1021 3629 1258 3654 contentiuum
1280 3618 1436 3650 omnium

541 3674 698 3710 locorum
714 3689 722 3714 ;
741 3673 838 3708 locus
857 3685 968 3707 autern
985 3677 1016 3707 &c
1031 3667 1258 3704 dimensiones
1280 3669 1351 3701 eius
1364 3691 1372 3705 ‚
1384 3666 1436 3701 vel

541 3738 612 3760 non
639 3723 770 3773 possunt
793 3722 856 3758 esse
872 3722 938 3758 sine
959 3719 1227 3757 dimensionibus
1247 3718 1369 3756 locati,
1383 3717 1435 3752 vel

541 3775 656 3816 saltem
671 3788 741 3811 nou
754 3773 850 3817 suiit3
867 3787 927 3810 nec
951 3784 1099 3822 viiquam
1113 3769 1249 3809 fuerunt
1264 3767 1331 3804 sine
1345 3766 1437 3817 ipsis,

1487 1936 1567 1972 ‘lem
1578 1935 1834 1972 conuersionem
1847 1934 2027 1972 secundnm
2048 1938 2188 1973 modum
2201 1939 2272 1972 eius
2289 1949 2397 1984 quan-

967 112 1331 206 Lib.lV.
1385 116 1814 209 Distintstio
1854 124 1955 210 X.

1485 260 1566 304 quia
1578 268 1658 292 tunc
1671 256 1780 294 fuisset
1803 271 1944 294 vacuum
1959 275 1968 302 ;
1981 260 2086 308 igitur
2097 260 2384 299 dimenfioncslo-

1486 311 1550 342 cati
1564 305 1635 343 sunt
1647 321 1777 356 priores
1788 310 2055 346 dimensionibus
2071 311 2149 348 loci.

1537 360 1657 394 Tertio
1671 364 1834 410 probatur
1847 363 2190 398 idemziiimutaiione
2206 361 2388 399 secundum
2457 367 2540 391 [ΜΨ
2567 369 2618 390 ”⁰¹¹

1486 407 1601 444 iocum
1616 423 1751 447 manent
1766 414 1888 448 eaedem
1902 411 2129 448 dimensiones
2144 413 2297 452 locam&
2313 428 2386 450 inti·
2416 403 2562 442 d““'fi’¹'
2574 403 2616 431 ¹⁰⁹

1489 470 1604 496 tantur
1620 461 1846 504 dimensiones
1872 464 2053 511 loei,quia
2064 477 2134 499 non
2157 477 2391 505 mutatur,nec
2418 454 2509 516 ‘1:225

1490 522 1651 547 mouetur
1673 514 1820 548 locatum
1843 515 1884 550 de
1905 515 1985 550 loco
1997 516 2036 549 ad
2061 514 2195 554 locum,
2209 529 2392 563 quantum—
2511 506 2519 515 ⁸

1490 572 1626 610 cunque
1645 576 1784 612 paruum
1797 590 1806 604 ,
1821 568 1905 612 quin
1930 563 2156 608 dimensiones
2179 566 2246 601 loci
2261 570 2394 601 varien-

1492 622 1560 651 tur,
1577 625 1613 648 vt
1627 612 1647 648 si
1664 613 1788 663 sphaera
1809 619 1912 651 intret
1927 616 1999 665 post
2025 614 2184 664 sphaeram
2198 643 2207 659 ‚
2222 620 2327 666 igitur
2342 619 2394 652 di-

1493 662 1684 700 mensiones
1701 666 1801 700 locati
1817 664 1888 702 sunt
1905 670 2034 715 priores
2057 667 2326 703 dimenfionibus
2345 667 2397 702 lo-

1493 716 1524 747 ci
1536 726 1544 748 :
1556 717 1660 763 igitur
1671 717 1688 750 a
1701 720 1811 764 primo
1826 715 1846 751 si
1871 730 2010 767 propter
2026 717 2396 754 commensurationem

1495 765 1742 801 dimensionum
1755 792 1766 807 ,
1787 771 1820 803 &
1837 780 1948 804 earum
1965 772 2206 818 proprietatem
2221 794 2231 808 ,
2246 767 2398 817 sequere-

1494 824 1549 850 tur
1561 815 1789 853 dimensiones
1805 822 1904 855 vnius
1928 818 2192 856 commensurari
2208 819 2393 855 dimenfio-

1496 865 1597 901 nibus
1618 869 1779 908 alterius,
1793 869 1869 904 ciii-n
1892 868 2118 906 dimensiones
2146 870 2247 906 locati
2262 884 2333 906 non
2345 869 2397 906 so-

1495 915 1565 952 lum
1577 915 1891 955 commensuranrur
1903 920 2172 956 dimensionibus
2184 921 2251 957 loci
2267 946 2277 962 ‚
2289 919 2369 957 sicut
2379 921 2397 957 ὲ
2424 907 2498 967 πῖ,
2534 897 2618 974 2:2⁴:

1495 967 1661 1004 conuerso
1675 994 1684 1008 ,
1697 968 1750 1004 sed
1774 967 1850 1006 sunt
1872 974 2001 1019 priores
2016 972 2065 1008 e'is
2078 996 2088 1012 ,
2110 969 2258 1020 sequitur
2271 973 2363 1021 quod
2374 972 2407 1007 (ι’
2421 980 2544 1019 sequitur
2580 976 2620 1007 ad

1496 1016 1559 1053 sint
1573 1020 1642 1054 duo
1663 1031 1806 1067 corpora
1819 1022 1853 1055 in
1869 1023 1989 1057 eodem
2005 1021 2086 1058 loco
2099 1045 2109 1062 ,
2123 1023 2216 1070 quod
2233 1022 2290 1059 ille
2301 1023 2396 1059 locus
2423 1019 2619 1057 commmfiarae-

1498 1081 1596 1104 erunt
1608 1070 1677 1105 duo
1700 1069 1796 1111 loca,
1809 1074 1889 1119 quia
1902 1074 2012 1121 magis
2027 1070 2176 1121 sequitur
2193 1071 2397 1109 mensuratio
2426 1063 2619 1130 ''smmtp'iss

1498 1120 1693 1168 posterioris
1703 1144 1712 1160 ‚
1725 1121 1824 1168 quam
1840 1122 1858 1156 ὲ
1871 1121 2047 1159 conuersov
2075 1126 2174 1160 Vnde
2187 1125 2289 1161 credo
2303 1123 2398 1173 quod
2425 1112 2574 1173 ΖΜΞΥΜ

1497 1171 1582 1218 apud
1607 1171 1822 1207 Aristotelem
1838 1196 1847 1211 ,
1859 1177 1892 1208 ὅ(
1905 1173 2136 1224 Philosophus
2155 1174 2232 1212 esset
2246 1174 2398 1225 impoffi-
2525 1164 2532 1173 ⁸

1497 1220 1600 1256 bilius
1610 1223 1679 1257 duo
1688 1234 1831 1270 corpora
1845 1221 1908 1258 esse
1923 1227 1957 1257 in
1970 1227 2088 1263 eodem
2099 1225 2293 1276 loc0‚qu{m
2308 1227 2396 1262 idem

1499 1285 1622 1320 corpus
1639 1270 1701 1308 effe
1715 1276 1748 1307 in
1760 1273 1894 1309 duobus
1911 1274 2010 1311 locis.

1503 1324 1512 1328 ‘
1549 1324 1706 1359 Secundo
1720 1336 1825 1374 arguo
1838 1337 1895 1373 per
1917 1324 2010 1360 illam
2026 1325 2175 1376 regulam
2190 1328 2398 1368 Aristotelis,
2495 1342 2509 1367 1
2519 1341 2557 1367 o.

1500 1373 1541 1408 ad
1557 1386 1656 1421 quam
1673 1377 1795 1411 nititur
1806 1374 2020 1425 respondere,
2033 1374 2076 1413 sic
2089 1391 2097 1412 z
2110 1375 2190 1412 sicut
2201 1379 2246 1412 est
2257 1378 2394 1426 postibi-
2427 1387 2554 1423 knyt-'tur
2573 1382 2620 1422 fi·-

1498 1424 1530 1460 le
1552 1428 1630 1460 Deo
1652 1438 1849 1462 conuertere
1885 1425 2100 1463 substantiam
2129 1431 2224 1477 panis
2254 1430 2289 1463 in
2319 1427 2395 1464 sub·
2426 1425 2512 1455 ‘⁸⁰⁴3
2537 1427 2621 1454 ‘¹⁰⁸'-

1498 1475 1652 1513 stantiam
1675 1481 1830 1526 corporis
1849 1475 1895 1514 sui
1919 1481 1956 1514 in
1969 1477 2086 1514 multis
2107 1478 2192 1514 loeis
2206 1503 2217 1519 ,
2241 1481 2285 1514 ita
2295 1482 2398 1514 etiam

1499 1525 1604 1577 posset
1639 1531 1840 1564 conue'ttere
1871 1532 2097 1577 quantitatem
2127 1533 2163 1565 in
2186 1528 2304 1565 multis
2340 1527 2395 1565 lo-

1498 1582 1546 1615 cis
1571 1577 1898 1615 dimensionabiliter
1922 1595 1931 1623 ;
1968 1578 2022 1616 sed
2045 1578 2132 1616 fasta
2161 1580 2219 1616 tali
2252 1592 2398 1616 conuer-

1502 1628 1596 1666 sione
1619 1633 1819 1679 quantitatis
1844 1634 1879 1666 in
1901 1634 2148 1679 quantitatem,
2171 1633 2341 1680 quantitas
2354 1630 2401 1667 est

1501 1684 1629 1730 primus
1644 1684 1809 1717 terminus
1828 1680 2060 1718 conuersionis
2071 1681 2190 1719 localis
2205 1706 2215 1722 ,
2228 1681 2307 1717 lieet
2319 1679 2398 1717 stib-

1499 1733 1619 1768 stantia
1629 1731 1666 1767 sit
1681 1737 1809 1782 primus
1819 1736 1985 1768 terminus
1996 1731 2228 1769 conuersionis
2250 1730 2398 1769 substan-

1499 1783 1588 1819 tialis
1608 1798 1618 1826 ς
1641 1797 1724 1833 ergo
1749 1782 1829 1819 sicut
1852 1781 2030 1820 substantia
2051 1783 2232 1820 seeundum
2254 1784 2397 1820 modum

1501 1832 1748 1875 substantiae‚est
1763 1838 1890 1883 primus
1903 1837 2068 1871 terminus
2079 1832 2311 1871 conuerfionis
2325 1832 2398 1870 sub-

1501 1885 1665 1921 stantialis
1678 1909 1688 1925 ,
1705 1889 1751 1921 ita
1762 1888 1933 1934 quantitas
1948 1889 2100 1934 corporis
2114 1886 2242 1921 Christi
2256 1885 2328 1934 post
2343 1898 2395 1921 ta-

2442 853 2618 892 Commenfir-

2474 1866 2626 1904 Quintius

2425 1909 2506 1946 potes}
2515 1917 2624 1936 conuen-

2428 1951 2455 1978 η’
2465 1953 2494 1977 i'n
2507 1950 2621 1988 quant&-

1500 1990 1673 2023 titatiuum
1688 2012 1698 2028 ,
1714 1992 1747 2024 &
1769 1985 1994 2024 dimensiuum
2014 1989 2060 2024 est
2086 1994 2213 2038 primus
2233 1990 2398 2024 terminus
2427 1998 2524 2021 ratem.

1503 2038 1622 2074 localis
1636 2036 1879 2075 conuersionis.

1550 2088 1764 2138 Respondet,
1774 2089 1867 2138 quod
1881 2100 1936 2125 aut
1950 2091 2164 2125 conuertitur
2175 2085 2244 2123 sola
2259 2090 2399 2137 quanti-

1503 2151 1553 2176 tas
1565 2144 1600 2175 in
1615 2143 1842 2189 quantitatem
1854 2164 1864 2180 ,
1877 2145 1911 2177 &
1928 2152 2010 2176 tunc
2031 2153 2102 2175 non
2117 2141 2162 2175 est
2183 2138 2230 2174 ibi
2245 2139 2402 2175 Christus

1502 2191 1686 2227 dimensiue
1700 2216 1711 2231 ,
1724 2195 1804 2239 quia
1823 2189 2051 2226 dimensiones
2077 2193 2149 2226 eius
2165 2203 2236 2226 non
2252 2188 2325 2225 sunt
2341 2189 2401 2230 ibi,

1502 2241 1563 2277 nisi
1574 2246 1707 2278 ratione
1727 2241 1913 2278 substantiae
1926 2245 2020 2290 panis
2036 2255 2135 2294 ‚unae
2150 2239 2328 2277 substantia
2341 2254 2401 2290 pa-

1503 2297 1556 2329 nis
1583 2307 1653 2329 non
1675 2294 1719 2328 est
1742 2292 2072 2328 dimensionabiliier
2094 2292 2163 2336 ibi;
2181 2303 2237 2328 atit
2272 2290 2293 2326 fi
2315 2293 2405 2327 dicar

1502 2346 1595 2393 qnod
1611 2356 1723 2380 totum
1747 2349 1960 2381 conuertitur
1974 2348 2010 2378 in
2033 2355 2144 2379 totum
2160 2369 2169 2384 ‚
2191 2355 2273 2378 tune
2292 2343 2404 2378 multo

1503 2397 1616 2432 minus
1629 2395 1673 2431 est
1687 2394 1733 2430 ibi
1745 2408 1867 2444 corpus
1882 2394 2012 2431 Christi
2027 2393 2367 2431 dimensionabiliter.

1542 2448 1726 2487 1rem‚dicit
1738 2447 1830 2494 qnod
1843 2459 1913 2482 non
1926 2446 1970 2480 est
1984 2447 2179 2495 ponendum
2197 2457 2308 2481 totum
2320 2457 2405 2480 con—

1506 2503 1590 2533 uerti
1614 2502 1649 2533 in
1663 2510 1774 2533 torum
1793 2523 1802 2537 ‚
1815 2501 1895 2545 quia
1910 2510 1991 2533 tunc
2003 2495 2079 2532 esset
2102 2496 2279 2532 substantia
2295 2499 2405 2544 panis,

1503 2554 1537 2585 δι
1550 2552 1722 2598 quantitas
1735 2552 1806 2584 eius
1817 2549 1862 2584 ibi
1875 2573 1885 2588 ‚
1899 2561 1970 2583 non
1994 2547 2279 2584 sacramentaliter
2289 2571 2299 2587 .
2310 2547 2404 2594 quod

1504 2602 1602 2635 nullo
1614 2601 1721 2636 modo
1735 2600 1780 2636 est
1792 2600 2002 2646 ponendum.

1553 2652 1618 2687 Sed
1631 2651 1699 2686 haec
1714 2648 1884 2697 responsio
1898 2663 1967 2685 non
1982 2647 2083 2684 soluit
2097 2650 2264 2681 rationem
2278 2671 2289 2686 ,
2299 2657 2335 2681 vt
2354 2647 2404 2681 vi-

1504 2702 1696 2750 detur,quia
1709 2700 1862 2752 possibile
1875 2702 1919 2736 est
1932 2703 2043 2736 Deum
2054 2709 2255 2733 conuertere
2267 2708 2401 2732 tantum

1503 2753 1546 2789 de
1572 2756 1646 2789 a'c'oe
1668 2757 1702 2788 in
1726 2763 1850 2800 corpus
1871 2750 2024 2788 Christi,
2047 2753 2083 2785 δε
2105 2747 2252 2784 eiusdem
2276 2747 2403 2797 figurae,

1504 2816 1670 2852 quantum
1680 2802 1724 2839 est
1738 2814 1860 2849 corpus
1872 2801 2021 2837 Christi:
2039 2796 2106 2839 sed,
2119 2811 2154 2834 vt
2171 2796 2399 2847 suppono,vbi

1505 2852 1705 2890 conuersum
1731 2851 1865 2902 praefuit
1878 2876 1887 2892 ‚
1908 2852 1957 2888 ibi
1970 2852 2013 2887 est
2025 2851 2120 2898 quod
2139 2856 2352 2887 conuertitur
2366 2854 2402 2884 in

1506 2905 1604 2943 illud.
1628 2907 1668 2940 Et
1691 2917 1728 2940 ex
1745 2904 1811 2939 hoc
1832 2903 1951 2938 dicunt
1971 2902 2075 2949 aliqui
2098 2899 2310 2937 substantiam
2322 2913 2401 2936 cor-

1506 2959 1600 3005 poris
1623 2955 1750 2991 Christi
1771 2952 1833 2990 csse
1855 2952 1913 2990 sub
1928 2952 2100 3002 speciebus
2113 2956 2207 3000 panis
2224 2952 2296 3000 post
2313 2965 2400 2987 con-

1503 3006 1690 3043 uersionem
1705 3032 1715 3047 ,
1727 3009 1806 3054 quia
1817 3004 1864 3040 ibi
1876 3004 2008 3054 praefuit
2026 3001 2201 3039 substantia
2215 3005 2405 3050 panis,ante

1504 3057 1761 3094 conuersionem
1773 3082 1782 3096 ,
1795 3061 1827 3093 δι
1841 3057 1919 3092 ideo
1927 3056 1972 3091 est
1983 3054 2029 3090 ibi
2043 3079 2051 3093 ‚
2065 3056 2145 3102 quia
2155 3053 2244 3089 aliud
2258 3067 2403 3089 conuer-

1504 3113 1587 3146 titur
1601 3111 1635 3144 in
1651 3107 1770 3157 ipsum3
1781 3110 1884 3156 igitur
1898 3117 2009 3141 totum
2020 3118 2142 3152 corpus
2155 3103 2286 3140 Christi
2299 3118 2404 3152 quan·

1506 3171 1578 3196 tum
1594 3161 1668 3207 post
1690 3156 1947 3195 conuersionem
1965 3159 2049 3192 aeris
2072 3159 2107 3193 in
2128 3154 2234 3203 ipsum
2260 3160 2322 3191 etit
2346 3155 2400 3191 di-

1505 3209 1665 3250 mensiiie,
1680 3209 1735 3244 vbi
1749 3211 1803 3244 aet
1815 3210 1904 3257 ptius
1916 3207 1993 3243 fuit.

1559 3262 1667 3307 Qod
1677 3261 1884 3296 autemdicit
1902 3284 1911 3298 ‚
1924 3259 2016 3306 quod
2030 3269 2102 3293 non
2113 3255 2212 3293 debet
2227 3259 2310 3306 poni
2322 3270 2400 3292 cor-

1506 3325 1567 3362 pus
1580 3312 1708 3347 Christi
1731 3309 1854 3347 alicubi
1877 3323 1947 3345 non
1961 3306 2247 3344 sacramentaliter
2263 3334 2273 3348 ‚
2285 3321 2400 3343 verum

1506 3365 1550 3400 est
1562 3363 1654 3411 quod
1676 3365 1766 3397 Deus
1778 3361 1819 3397 tle
1835 3360 1925 3396 facto
1946 3373 2017 3396 non
2030 3359 2203 3394 ordinauit
2221 3357 2328 3408 ipsum
2339 3357 2401 3394 csse

1505 3414 1627 3450 alicubi
1644 3426 1715 3449 non
1736 3410 2036 3451 sacraineiitaliier3
2061 3409 2113 3445 sed
2134 3411 2274 3458 quaestio
2294 3410 2339 3445 est
2359 3410 2399 3445 de

1507 3463 1674 3513 possibili,
1696 3468 1729 3501 δι
1746 3463 1877 3498 viderur
1900 3462 1965 3497 hoc
1990 3459 2165 3511 possibile,
2184 3461 2275 3506 quod
2298 3461 2398 3495 faciat

1505 3528 1628 3563 corpus
1650 3513 1746 3549 sunm
1770 3512 1952 3549 dimenliiie
1967 3537 1976 3551 ,
1996 3511 2052 3547 vbi
2078 3511 2169 3560 prius
2189 3524 2255 3547 erat
2279 3524 2400 3558 corpus

1504 3570 1588 3602 a'e'ris
1609 3562 1756 3601 eiusdem
1775 3567 1976 3612 quantitatis
2002 3589 2010 3600 ‚
2028 3568 2061 3599 ὅ(
2089 3559 2236 3597 eiusdem
2270 3562 2396 3610 signroe,

1504 3631 1582 3653 nam
1596 3616 1642 3651 ibi
1657 3616 1702 3651 est
1724 3628 1846 3664 corpus
1858 3639 1868 3654 ‚
1880 3619 1915 3650 in
1927 3615 2019 3662 quod
2034 3617 2246 3649 conuertitur
2260 3614 2409 3661 aliquid,

1506 3669 1562 3703 vbi
1584 3666 1718 3716 praefuit
1734 3664 1930 3702 conuersum
1953 3668 1986 3700 in
1998 3678 2040 3700 eo
2053 3689 2063 3704 ‚
2076 3669 2109 3700 ὅ(
2131 3664 2209 3699 iden
2226 3678 2296 3700 non
2308 3665 2403 3699 vide-

1505 3731 1558 3754 tur
1571 3721 1676 3766 magis
1699 3715 1902 3766 impossibile
1922 3717 2011 3751 idem
2023 3728 2145 3763 corpus
2159 3712 2222 3751 else
2245 3719 2279 3750 in
2296 3715 2400 3763 pluri-

1504 3768 1565 3810 bus
1587 3770 1672 3806 locis
1692 3793 1704 3810 ,
1725 3769 1826 3816 quam
1852 3779 1997 3819 corpora
2021 3766 2117 3816 plura
2132 3762 2195 3804 esse
2217 3769 2254 3804 in
2279 3766 2400 3803 eodem

2322 3817 2402 3854 loco

2430 2079 2564 2122 Reipmfio

2433 2124 2544 2153 marie.

2432 2705 2581 2744 Refeffimr.
2616 2738 2619 2741 Δ

2447 2783 2453 2788 ·
2465 2746 2510 2775 Vbi
2519 2746 2624 2785 pnfirfe

2432 2788 2592 2824 conuersum,

2431 2828 2470 2858 ibi
2497 2830 2532 2867 ιβ
2555 2829 2627 2869 φοοδ

2429 2873 2604 2902 conuertitur.

2432 3262 2547 3303 Poffibc'lu
2573 3265 2624 3293 vr·-

2431 3308 2513 3334 ἄσην
2534 3314 2626 3343 eorpus

2431 3347 2530 3384 Christi
2558 3345 2624 3386 poffc

2429 3386 2475 3427 effe
2482 3388 2625 3427 dimenfiu)

2430 3428 2480 3458 vbi
2493 3429 2549 3467 effer
2577 3431 2625 3458 ’ἓν

2430 3471 2459 3498 t'n
2468 3470 2552 3507 ipsum
2562 3481 2623 3501 etn-

2430 3513 2544 3546 unrlitm.
